2550 4175
388 366 642 432 Acrrorrrs
667 360 713 428 II.
732 359 769 429 L.
796 360 863 430 ΙΙΙ.
921 379 969 455 73

289 477 459 556 ¹concedes,
477 477 603 555 opinor,
622 490 654 533 ut
671 495 737 534 cum
757 472 871 534 decimo
894 471 976 533 fruc-

290 573 339 616 tus
361 557 495 616 arationis
514 564 666 635 perceptus
684 557 719 613 sit
730 599 744 629 ,.
755 556 902 614 neminem
919 556 976 613 rni-

291 642 348 697 nirs
364 638 453 697 tribus
475 634 603 694 decumis
620 633 737 694 dedisse.
758 634 847 714 Atqui
867 635 975 696 hoe-in

291 715 428 778 beneficii
445 717 514 776 loco
533 715 655 795 petitum
668 714 708 775 est
722 714 758 774 ab
772 713 926 794 Apronio,
942 732 975 775 ut

290 799 322 856 in
339 795 440 879 jugera
455 798 564 878 singula
574 798 662 855 ternis
677 796 830 855 medimnis
839 794 975 856 decidere

290 877 404 938 liceret.
434 876 511 936 Nam
539 897 627 957 quum
651 898 668 935 a
691 876 787 936 multis
812 892 976 955 quaterna,

292 960 382 1018 etiam
401 959 509 1039 quina,
530 958 737 1037 exigerentur:
758 956 854 1014 multis
875 973 974 1015 autern

291 1059 353 1097 non
375 1037 465 1098 modi>
486 1057 605 1118 granum
617 1037 745 1110 nullum,
764 1034 814 1095 sed
830 1055 867 1095 ne
883 1036 974 1117 paleae

291 1117 411 1198 quidem
433 1138 468 1178 ex
489 1119 570 1178 omni
587 1115 700 1191 frueiu,
717 1134 803 1196 atque
822 1136 858 1176 ex
877 1138 974 1176 annuo

292 1199 394 1259 labore
412 1200 639 1278 relinquerentur
653 1217 660 1255 :
674 1214 734 1256 tum
753 1213 880 1255 aratores
894 1194 977 1256 Cen·

292 1281 431 1358 turipini,
449 1281 497 1359 qui
524 1297 659 1337 numerus
680 1279 710 1336 in
736 1296 806 1355 agro
826 1276 974 1336 Leontino

294 1361 436 1418 maximus
457 1356 517 1430 est,
536 1379 624 1416 unum
644 1358 674 1416 in
699 1357 798 1416 locum
822 1376 977 1417 convene-

294 1455 388 1498 runt:
410 1438 559 1497 hominem
585 1436 640 1496 suae
663 1438 805 1509 civitatis,
825 1438 854 1495 in
898 1439 975 1496 rimis

293 1516 449 1578 honestum
468 1539 501 1576 ac
514 1516 643 1576 nobilem
656 1561 666 1588 ‚
679 1514 852 1577 Andronem
893 1535 977 1577 enm-

294 1601 419 1680 ripinum
428 1643 437 1672 ,
447 1597 621 1679 legaruntad
629 1596 809 1735 Asfflssium,
818 1598 953 1658 eumdem
965 1643 974 1672 ,

293 1700 384 1760 quem
400 1678 458 1737 hoc
477 1697 611 1757 tempore
631 1699 647 1736 a
681 1678 739 1737 hoc
757 1675 913 1756 judicium,
929 1677 976 1738 le·

294 1776 396 1841 garum
414 1758 447 1818 &
467 1756 570 1818 testem
585 1756 775 1838 Centuripina
794 1761 893 1820 civitas
915 1761 975 1819 mi-

293 1842 332 1898 sit
349 1859 360 1914 ;
378 1855 410 1898 ut
425 1841 448 1897 is
463 1838 540 1919 apud
550 1858 617 1897 eum
630 1837 741 1898 causam
755 1855 899 1898 aratorum
908 1860 978 1920 age-

292 1936 363 1992 ret,
379 1919 416 1977 ab
432 1937 527 1997 eoque
546 1933 683 1997 peteret,
707 1936 739 1977 ut
757 1919 793 1977 ab
817 1921 975 1978 aratoribus

296 1997 494 2077 Centuripinis
505 2015 543 2055 ne
553 1996 674 2077 amplius
686 2000 716 2055 in
728 1994 827 2078 jugera
844 1999 954 2079 singula
965 2044 976 2074 ‚

294 2077 385 2162 quim
398 2094 480 2138 terna
498 2075 646 2137 medimna
662 2121 672 2151 ‚
688 2096 826 2159 exigeret.

287 2156 978 2321 ,tertrtffzu't‘tffbqisstitun{¹:233

294 2341 360 2383 mes
380 2340 483 2393 erant,
500 2319 685 2399 impetratum
702 2316 803 2381 est.1d
820 2340 908 2403 quum
922 2324 980 2383 im·

294 2400 484 2483 petrabatur,
500 2398 559 2459 hoc
582 2397 720 2461 videlicet
743 2400 976 2483 imperabatur,

295 2498 329 2539 ut
351 2500 407 2562 pro
430 2468 548 2561 singuiis
569 2476 699 2539 decumis
722 2494 818 2541 terna
840 2480 976 2543 duanae

296 2560 367 2621 dare
384 2558 494 2621 liceret.
514 2558 607 2639 Qubd
621 2562 645 2619 si
666 2576 715 2627 tua
734 2578 861 2641 resnou
913 2582 979 2641 ere·
1002 2594 1044 2635 Ν

295 2656 344 2701 tur
358 2684 369 2713 ‚
382 2662 400 2700 a
414 2655 445 2701 te
459 2641 555 2723 potius
571 2636 747 2721 postularent
760 2684 770 2715 ,
783 2642 920 2725 nemp'

296 2718 386 2802 quim
404 2720 548 2805 singulas,
563 2718 651 2803 quim
669 2720 706 2781 ab
728 2718 755 2781 A
778 2722 862 2783 renio
896 2736 946 2791 μιν

296 2798 735 2882 ρὶιιε,ῳὲπιιεωαεάοευωιᾳ
832 2874 857 2891 μ
900 2822 935 2875 ur

296 2896 332 2941 ut
345 2878 403 2936 hoc
416 2894 551 2961 tempore
567 2900 621 2959 ee,
632 2900 697 2963 quae
709 2900 719 2932 r
729 2898 737 2911 ·
842 2900 872 2936 ur
882 2902 919 2936 nn

344 2960 443 3021 Turnus
461 2956 518 3021 W.
