2550 4175
309 400 390 475 414
537 377 760 450 Oa‘mo

311 496 349 557 ab
366 494 458 557 urbe:
473 513 542 555 nam
561 515 650 577 quum
666 493 777 557 dixiffet
796 495 892 556 minus
905 494 1002 559 abesse

313 593 402 651 1111,
416 576 542 672 populus
570 598 635 636 cum
656 576 709 637 risu
730 577 925 650 acclamavit,
943 580 1003 660 ipsa

311 654 370 719 effe
389 677 396 717 :
416 674 609 718 memmerant
624 660 702 718 enim
719 677 845 733 omnes,
861 679 1004 740 quantum

307 738 343 798 -in
359 735 488 799 Albiano
503 735 610 818 judicio
629 736 793 820 accepisset.

355 837 404 898 29.
422 818 456 879 ln
476 840 543 879 eum
558 819 627 900 quid
640 820 752 893 dicam,
773 820 826 879 nisi
844 817 901 894 id,
922 819 1005 959 quod

314 918 353 961 ne
374 920 422 960 are
450 921 511 961 non
556 899 652 960 ussit?
672 899 781 961 veniffe
803 902 832 958 in
849 902 932 960 consi
946 904 1005 960 ium

297 920 439 1071 ·pufilicae
460 922 652 1060 quaedionis,
681 1002 769 1061 quum
800 978 862 1056 ejus
892 983 1006 1042 consilii

313 1060 404 1141 Judex
418 1081 477 1119 non
493 1057 563 1120 esset
581 1081 589 1118 ι
605 1062 636 1120 &
652 1062 681 1119 in
699 1082 735 1122 eo
753 1063 894 1134 consilio,
915 1083 1005 1144 quum

316 1139 428 1202 causam
447 1161 507 1199 non
525 1140 643 1202 audiffet
655 1187 664 1212 ‚
676 1143 707 1201 &
718 1141 844 1223 potessas
858 1139 930 1203 effet
942 1163 1006 1202 am·

315 1221 444 1304 pliandi‚
466 1220 564 1281 dixisse
579 1267 588 1295 ,
604 1224 658 1282 sibi
675 1223 776 1302 liquere
797 1244 806 1283 ,·
826 1223 899 1282 dum
921 1227 1006 1284 into-

339 1303 398 1362 nitd
420 1321 452 1362 re
468 1300 594 1382 judicate
614 1303 768 1377 voluisset,
783 1302 913 1366 maluiffe
934 1325 1007 1364 cou-
1090 1309 1096 1338 ³

317 1323 479 1458 demate,
494 1384 581 1465 quam
598 1383 769 1445 absolvere:
785 1405 897 1466 quum,
912 1388 1005 1445 aduno

317 1467 413 1526 minus
437 1464 632 1541 damnarent,
654 1465 841 1526 condemnati
861 1486 929 1526 reus
946 1487 1006 1526 non

316 1544 413 1628 poffet
425 1591 434 1618 ‚
445 1568 506 1606 non
520 1546 556 1607 ad
566 1546 800 1628 cognoscendam
811 1544 926 1606 causam
937 1593 947 1620 ‚
957 1545 1008 1607 sad

318 1627 356 1686 ad
372 1628 547 1706 explendam
562 1627 778 1689 damnationem
799 1626 902 1709 praestb
915 1626 1007 1690 fuiffe.

318 1706 427 1767 Utrum
445 1711 559 1788 gravius
583 1708 691 1788 aliquid
711 1711 741 1768 in
762 1712 931 1792 quempiam
950 1710 1010 1770 dici

319 1786 440 1870 potest,
461 1786 548 1867 quam
567 1788 605 1848 ad
625 1790 777 1852 hominem
804 1792 1011 1853 condemnan-

319 1868 416 1943 dum,
444 1889 531 1950 quem
560 1892 720 1954 numquam
746 1870 861 1933 vidisset
880 1915 891 1946 ,
911 1891 1009 1954 neque

318 1949 464 2024 audiiset,
485 1950 640 2013 addndum
654 1954 752 2036 pretio
771 1951 852 2015 effe?
870 1952 925 2014 An
942 1969 1011 2014 tet·

317 2035 374 2096 tius
395 2033 552 2126 quidquam
570 2031 660 2115 objici
678 2032 797 2117 potest,
815 2032 912 2117 quam,
927 2031 1011 2117 quod

317 2117 343 2177 ia
353 2162 363 2191 ,
374 2119 420 2177 cui
438 2118 594 2195 objicitur,
611 2135 650 2177 ne
664 2133 736 2177 nutu
750 2116 870 2199 quidem
879 2112 1011 2179 infirm*

319 2195 510 2260 teconatur?
918 2246 924 2253 ..

365 2296 414 2355 30.
428 2278 644 2339 Verumtamen
660 2279 683 2339 is
700 2275 778 2341 testis
792 2323 802 2352 ,
814 2294 848 2339 ut
860 2276 949 2341 facile
958 2278 1012 2341 in-

320 2358 514 2443 telligeretis,
540 2381 609 2422 eum
637 2380 699 2421 non
729 2357 848 2421 adfuiffe
874 2362 1011 2435 animo,

360 2460 411 2499 um
437 2440 551 2501 abillis
574 2440 657 2501 causa
680 2458 844 2524 ageretur,
862 2438 1013 2525 testesque

320 2458 454 2581 dilectem
468 2540 478 2594 ;
494 2519 544 2583 sed
562 2521 699 2602 tantisper
715 2522 753 2582 de
768 2521 866 2603 aliquo
886 2540 941 2583 reo
955 2542 1013 2585 ω·

320 2598 419 2682 gitaffe
433 2621 441 2659 t
457 2621 547 2682 quum
566 2622 670 2662 omnes
690 2618 759 2663 ante
783 2622 851 2663 eum
874 2598 1013 2665 difflue

317 2676 432 2756 testes,
450 2697 577 2743 armatos
599 2703 665 2742 cum
686 2683 807 2744 AEbutio
827 2678 910 2745 suiss'e
925 2702 1014 2747 com-

314 2761 445 2843 .plures;
470 2762 544 2825 solus
567 2763 638 2825 dixit
657 2786 720 2825 non
741 2761 832 2825 fiuiss'e.
853 2760 948 2824 Visus·
971 2762 1015 2829 est

322 2843 393 2905 mihi
409 2845 505 2925 primd
517 2862 667 2907 veterator
675 2845 836 2929 intelligere
850 2844 1014 2928 poedast,

322 2925 392 3008 quid
408 2925 489 2989 causa
505 2944 621 3014 optaret
636 2928 695 2992 :·&
712 2924 920 2997 tantummdo
933 2942 1016 2999 m
