2550 4175
344 391 439 461 Pao
466 390 594 458 Lm
618 358 864 457 Mamm.
895 386 976 479 461.

295 504 559 586 mani-vessigalia‚
571 505 603 565 &
615 507 739 563 maxima
752 548 762 575 ,
794 504 875 562 uibus
888 505 989 562 amis-.

295 585 356 656 sis,
377 586 409 645 &
425 587 501 668 pacis
514 576 706 657 ornamenta,
725 583 756 642 δι
773 525 896 643 subsidia
907 584 977 644 belli

294 664 394 725 frustra
407 667 556 746 requiretis
571 687 578 725 ε
594 682 717 747 aguntur
727 665 806 723 bona
819 666 977 724 multorum

295 748 423 819 civium,
439 747 542 827 quibus
566 743 607 806 est
627 767 644 805 a
662 743 768 816 vobis,
782 745 812 804 &
826 743 974 826 ipsorum,

296 825 329 885 &
346 828 386 885 rei
407 826 506 886 ublicae
520 826 604 886 causi
618 822 835 885 consulendum.

336 848 452 966 llsEt
462 909 600 989 quoniam
611 905 724 987 semper
733 902 903 987 appetentes
912 904 990 1045 glo-3

293 986 343 1046 riae
376 1004 459 1047 raeter
469 1005 579 1049 ceteras
591 1003 693 1070 gentes
704 1032 714 1061 ,
727 1004 814 1067 atque
827 985 904 1047 avidi
925 1007 978 1047 au·

295 1066 338 1126 dis
350 1009 454 1141 sitistis,
471 1068 594 1129 delenda
608 1069 694 1129 vobis
715 1064 755 1128 esi
773 1067 822 1127 illa
839 1068 976 1141 macula,

294 1146 493 1210 Mithridatico
502 1149 582 1209 bello
591 1148 737 1230 superiore
746 1145 893 1228 suscepta3
912 1170 978 1231 quae

293 1231 408 1309 penitus
426 1227 485 1309 jam
502 1229 628 1303 insedit,
648 1246 734 1312 atque
753 1231 927 1289 inveteravit
945 1230 976 1289 in

293 1311 396 1391 populi
411 1310 539 1371 Romani
557 1312 676 1371 nomine
689 1333 695 1370 :
707 1308 786 1391 qubd
796 1310 839 1380 is,
853 1310 902 1389 qui
914 1329 976 1370 uno

295 1389 366 1463 die,
388 1390 451 1450 totd
471 1390 566 1463 Asia,
586 1407 632 1451 tot
655 1393 684 1450 in
710 1387 896 1463 civitatibus,
914 1411 977 1452 uno

292 1472 418 1543 nuntio,
432 1488 518 1552 atque
535 1491 591 1531 una
601 1471 759 1532 litterarum
771 1467 978 1565 significatione

295 1552 375 1611 cives
397 1551 549 1612 Romanos
568 1551 716 1612 necandos
735 1548 977 1633 trucidandosque

294 1631 472 1704 denotavit,
490 1653 551 1694 non
567 1632 658 1693 modd
675 1631 766 1692 adhuc
782 1653 901 1713 poenam
914 1632 979 1693 nul·

292 1711 377 1785 lam,
395 1711 444 1775 suo
459 1713 576 1795 dignam
593 1712 701 1774 scelere
719 1712 859 1795 suscepit,
874 1712 924 1775 sed

292 1791 345 1854 illo
367 1811 500 1875 tempore
517 1814 624 1860 annum
641 1790 700 1873 jam
716 1796 832 1854 tertium
848 1796 880 1856 &
896 1797 979 1857 vice·

293 1874 398 1933 simum
416 1890 517 1956 regnat
534 1895 541 1932 :
571 1874 603 1933 δι
626 1876 668 1933 ita
687 1891 809 1955 regnat,
825 1893 856 1933 ut
870 1874 898 1935 se
915 1897 977 1937 non

293 1951 391 2015 Ponto
403 1999 413 2027 ,
423 1973 520 2035 neque
536 1951 734 2034 Cappadociae
746 1955 860 2017 latebris
876 1956 978 2016 occul·

292 2049 356 2094 tare
373 2034 465 2109 velit,
483 2032 533 2095 sed
549 2055 700 2119 emergere
717 2055 733 2097 e
751 2038 845 2118 patrio
860 2055 891 2096 re
914 2057 976 2110 no,

292 2131 381 2209 atque
399 2116 428 2174 in
451 2113 550 2177 vestris
569 2116 777 2202 vestigalibus,
795 2116 853 2179 hoc
868 2056 912 2179 esi
920 2162 930 2192 ,
946 2120 977 2180 in

293 2193 373 2256 Asiae
393 2194 457 2256 luce
479 2195 592 2258 versari.

336 2274 365 2363 8ἶ
384 2273 501 2338 Etenim
516 2277 610 2339 adhuc
622 2281 663 2339 ita
673 2277 759 2341 vestri
770 2301 835 2341 cum
846 2280 896 2340 iilo
905 2300 974 2363 rege

293 2356 509 2418 contenderunt
524 2361 735 2440 imperatores,
749 2378 780 2421 ut
802 2362 839 2420 ab
856 2361 907 2421 illo
930 2364 975 2420 in·

293 2440 384 2575 {signia
393 2437 519 2500 vidioriae
528 2484 540 2511 ,
552 2462 612 2501 non
620 2441 771 2502 vidioriam
781 2458 974 2523 reportarent.

325 2519 497 2600 riumphavit
506 2518 540 2580 L.
550 2519 741 2596 Sulla,trium
764 2521 843 2584 havit
858 2520 974 2583 L.Mu-

293 2614 363 2655 rena
381 2596 417 2657 de
438 2600 630 2676 Mithridate,
653 2602 713 2663 duo
743 2604 878 2664 ortissimi
895 2603 949 2662 viri
964 2645 986 2681 ,Ι

295 2674 330 2735 &
348 2673 450 2735 summi
462 2682 652 2759 imperatores
669 2703 677 2741 ι
693 2681 743 2743 sed
760 2684 801 2745 ita
814 2680 977 2763 triumphgq

294 2770 384 2826 runt,
397 2771 429 2813 ut
445 2756 494 2816 ilie
510 2758 605 2837 pulsus
614 2758 764 2839 superatas
779 2768 815 2823 ue
827 2780 860 2823 re
969 2770 973 2777 '

294 2833 508 2897 Verumtamen
528 2835 583 2897 illis
604 2838 772 2918 imperatori
794 2856 827 2901 us
849 2838 924 2916 laum

293 2914 467 2993 tribuenda,
492 2916 575 3000 quod
595 2934 737 3003 egeruntz
751 2922 861 3056 ”iiis

843 3020 853 3056 ι
