2550 4175
349 371 426 449 334
535 353 597 420 In
626 355 865 420 Vannerr

346 471 449 531 harum
463 484 559 526 rerum
572 464 706 526 omnium
719 464 873 542 tutiores,
890 461 1041 547 testesque·

299 578 304 587 ·
347 549 492 634 produco.

395 634 461 708 13'2.
479 624 560 686 Num
578 626 632 687 tibi
649 622 780 693 insultare
802 628 832 688 in
847 624 1033 701 calamitate,

348 729 421 771 num
429 707 623 770 intercludere
635 706 801 789 perfugium
808 706 933 768 fortuna
943 751 954 780 ,
963 726 1036 766 num

349 789 427 850 casus
442 789 563 849 bellicos
576 788 754 868 exprobrare
765 832 775 861 ‚
786 803 834 848 aut
845 784 976 867 objicere
989 788 1036 846 vi·

351 869 450 931 deor?
465 870 579 929 tametsi
595 867 689 929 solent
703 868 733 927 lti
748 867 894 929 fortunam
907 867 961 927 sibi
976 867 1036 927 ob·

349 948 399 1033 jici
407 952 487 1011 nolle
500 994 509 1023 ‚
521 946 606 1030 quise
616 947 738 1010 fortunae
749 947 955 1009 commiserunt
964 992 976 1020 ,
985 948 1036 1030 qui

349 1034 380 1092 iit
395 1029 457 1110 ejus
472 1028 603 1110 periculis
613 1026 696 1110 sunt,
709 1050 742 1089 ac
752 1032 895 1091 varietate
910 1027 1034 1090 versati:

350 1109 427 1172 illius
442 1108 560 1191 quidem
578 1107 746 1170 calamitatis
763 1125 820 1169 tuae
833 1108 949 1171 fortuna
990 1130 1037 1168 ar·

351 1193 445 1273 ticeps
456 1211 517 1250 non
533 1188 585 1248 fuit
601 1210 610 1249 :
624 1189 758 1250 homines
769 1192 847 1250 enim
860 1190 891 1250 in
903 1130 1013 1271 proelis
1022 1233 1036 1262 ,

353 1291 416 1334 non
429 1274 459 1332 in
476 1270 619 1331 conviviis
632 1315 643 1343 ‚
656 1269 726 1331 belli
741 1269 886 1331 fortunam
901 1285 1035 1343 tentare,

353 1358 388 1415 alc
406 1351 561 1434 periclitari
578 1349 671 1411 solent
689 1371 697 1409 ε
716 1352 747 1411 in
765 1350 813 1411 illa
831 1367 930 1411 autem
956 1350 1037 1412 cala·

354 1435 456 1502 mirate
476 1454 537 1494 non
564 1430 693 1492 Martem
717 1429 797 1492 fuisse
822 1450 1035 1504 communem,

354 1511 406 1576 sed
422 1513 573 1575 Venerem
595 1510 742 1593 possumus
769 1513 877 1573 dicere.
902 1510 1037 1592 Quodsi

356 1594 503 1656 fortunam
519 1590 610 1672 objici
625 1594 678 1653 tibi
701 1613 761 1653 non
778 1610 918 1675 oportet,
938 1613 988 1652 cur
1005 1603 1037 1650 tu

356 1673 482 1746 fortunae
498 1674 614 1733 illorum
630 1674 831 1734 innocentium
849 1675 990 1749 veniam,
1004 1692 1037 1732 ac

357 1749 457 1818 locum
472 1772 533 1811 non
548 1749 673 1810 dedisti?

313 1886 317 1893 .
366 1839 369 1844 '
397 1828 946 1913 ‘133AEtiamilludpraecidaslicet,te‚
998 1829 1038 1892 bd

347 1905 525 1994 supplicium
535 1932 618 1971 more
630 1909 775 1991 majorum
782 1912 931 1996 sumpseris
941 1853 1039 1986 ‚leucu-

355 1995 438 2076 rique
455 1989 621 2075 percelleris
632 2037 642 2065 ‚
655 1992 762 2054 idcirco
773 2016 790 2054 a
801 2013 850 2054 me
861 1996 891 2055 in
909 1996 1037 2067 crimen,

357 2074 393 2145 δι
411 2072 549 2136 invidiam
564 2074 674 2134 vocari.
691 2071 763 2135 Non
780 2075 811 2135 in
826 2072 966 2216 supplicio
982 2075 1040 2135 cri·

356 2174 427 2234 men
439 2174 538 2215 meum
551 2156 674 2214 vertitur
687 2175 695 2214 z
707 2177 769 2216 nort
786 2176 843 2239 ego
869 2159 948 2217 ecuri
960 2176 1039 2240 nego

357 2253 533 2318 quemquam
550 2231 629 2295 feriri
642 2234 749 2297 debere
761 2257 769 2295 z
780 2257 841 2296 non
853 2257 909 2319 ego
926 2254 1040 2298 metum

357 2319 397 2376 ἐκ
414 2312 600 2388 re-militari,
618 2336 680 2377 non
701 2315 885 2377 severitatem
905 2320 1042 2397 imperii,

357 2388 419 2465 tlon
439 2414 559 2477 poenam
573 2393 689 2535 flapstfi,
709 2395 773 2456 tolli
786 2395 852 2456 dico
872 2411 1039 2474 oportere:

356 2472 453 2535 fateor
468 2495 530 2535 non
547 2496 598 2535 mo
620 2478 640 2535 ὸ
656 2477 687 2535 in
707 2474 822 2551 socios,
839 2473 887 2534 sed
909 2477 997 2535 etiam
1009 2481 1040 2538 in

356 2555 437 2621 cives
449 2598 460 2628 ,
470 2554 629 2636 militesque
641 2552 774 2628 nostros,
806 2552 979 2635 ersaepeelle
994 2557 1041 2633 se-

356 2633 446 2707 vere,
469 2655 503 2694 ac
520 2633 713 2704 vehementer
727 2577 914 2696 vintlcatum.
935 2636 1040 2718 Quare

357 2713 419 2776 haec
474 2734 551 2796 oque
567 2714 854 2796 praetermittaslicet.

370 2858 373 2863 ⁴
400 2793 425 2856 L
450 2839 457 2854 .
476 2793 501 2855 E
522 2817 542 2857 o
558 2796 674 2877 culpam
684 2816 744 2856 non
756 2797 786 2855 in
803 2797 972 2870 navarchis,
988 2796 1038 2859 sed

358 2874 433 2973 ipre
480 2878 487 2890 '
511 2897 528 2940 e
547 2873 715 2940 demonstro
731 2896 741 2939 t
758 2892 789 2939 te
802 2880 898 2962 pretio
914 2881 1037 2956 milites,
