2550 4175
312 434 411 503 Pno
439 432 488 501 M.
515 434 764 506 for-rrro.
822 421 896 530 379

215 570 298 630 aquo
311 550 464 631 quaesitore
476 550 568 631 iquid
582 568 701 612 oratore
712 571 774 610 non
787 545 873 608 stulto
886 547 899 608 ἓ

214 627 326 690 Dicunt
340 633 419 691 enim
436 629 534 691 Galli:
550 651 658 714 negare
670 651 729 690 non
742 629 899 712 postumus.

214 709 272 770 Hic
288 715 313 771 si
326 713 489 793 ingeniosi,
506 713 539 772 &r
556 715 664 793 periri,
684 713 716 772 du
735 713 807 792 requi
821 709 898 790 judi·

214 793 254 850 cis
276 791 327 851 has
345 810 443 874 partes
464 790 522 853 esse
539 791 727 866 existimatis,
749 809 799 860 ur,
819 813 898 872 quo-

215 875 293 931 niam
310 871 429 956 quidem
447 871 533 934 testes
550 873 673 947 dicunt,
691 875 753 934 sine
767 871 824 930 uiia
842 871 899 930 du-

213 951 353 1013 bitatione
371 951 550 1014 credendum
568 957 626 1028 sir3
647 951 729 1014 Salus
745 950 803 1034 ipsa
815 953 898 1010 viro-

215 1053 279 1091 rum
289 1031 406 1093 forrium
416 1037 613 1096 innocentiam
624 1035 700 1096 tueri
710 1053 770 1094 non
782 1029 878 1113 potest
889 1051 898 1090 r

215 1115 259 1171 sin
274 1131 369 1174 autem
381 1116 411 1174 in
427 1115 513 1176 rebus
534 1113 715 1193 judicandis,
736 1135 796 1174 non
814 1113 899 1174 mini·

217 1213 295 1253 mam
313 1213 425 1276 partem
442 1197 480 1256 ad
494 1215 729 1278 unamquamque
748 1213 809 1254 rem
827 1191 900 1254 :rsti-

213 1274 590 1357 mandam‚momemoque
601 1275 653 1336 suo
707 1273 900 1347 aderandam,

214 1352 351 1434 snpientia
373 1353 475 1434 judicis
494 1373 577 1418 renet
597 1377 606 1430 ;
623 1357 654 1415 vi
677 1372 725 1416 ere
747 1373 785 1412 ne
804 1353 897 1412 mulro

214 1435 478 1518 veiim-majores,
495 1435 648 1521 graviores
662 1456 699 1495 ue
725 1451 820 1514 partes
842 1433 900 1492 sint

215 1515 254 1574 ad
271 1518 476 1597 cogitandum,
489 1518 577 1600 quim
592 1457 801 1576 addicendum
812 1532 898 1572 mear.

258 1613 304 1657 12.
321 1595 397 1656 Mihi
408 1603 487 1660 enim
504 1599 563 1660 sem
587 1617 618 1660 er
628 1612 799 1678 unaquaque
813 1592 851 1654 de
865 1613 897 1654 re

212 1673 291 1736 testis
305 1698 365 1738 non
374 1678 467 1740 solum
485 1621 597 1752 semei,
615 1679 717 1738 verum
730 1676 817 1738 eriam
827 1675 899 1734 bre·

213 1758 287 1818 viter
304 1760 550 1842 interrogandus,
573 1761 607 1820 &
629 1757 705 1838 saepe
729 1759 815 1818 etiam
834 1775 896 1815 non

212 1838 434 1918 interrogandus
446 1861 456 1912 ;
477 1861 515 1899 ne
535 1855 586 1897 aut
614 1841 687 1897 irato
715 1837 832 1896 facultas
858 1835 897 1894 ad

212 1917 371 1976 dicendum
396 1918 466 1976 data
490 1961 511 1989 ,,
532 1931 582 1975 aut
606 1916 714 1996 cupido
743 1915 898 1974 rudoriras

213 1997 355 2076 attributa
382 1994 442 2055 effe
458 1994 604 2055 'videatur
624 2013 635 2052 r
656 2013 711 2052 vor
741 1997 774 2054 dr
798 1991 900 2071 saepius

213 2077 350 2151 eamdem
374 2096 437 2135 rem
455 2076 557 2135 animis
582 2074 715 2155 agitare,
737 2071 894 2135 &diutius

212 2179 273 2218 uno
299 2157 337 2216 de
359 2154 432 2215 teste
457 2157 585 2237 cogitare
604 2152 752 2234 potestis:
778 2152 812 2213 ὁ(
836 2198 846 2227 ,
874 2156 897 2212 si

213 2258 303 2308 ouem
317 2237 559 2319 uosinterrogaro
575 2234 739 2308 noluimus,
754 2254 819 2316 quae
829 2254 897 2293 cau·

213 2318 243 2381 sa
276 2316 393 2378 tacendi
423 2315 541 2390 fuerit,
574 2313 736 2377 existimare
772 2314 896 2375 debetis.

214 2398 441 2479 Quamobrem,
461 2401 485 2457 si
507 2398 565 2457 hoc
588 2394 678 2477 judici
701 2392 897 2477 prescriptum

216 2480 284 2559 lege
297 2523 307 2550 ‚
321 2496 370 2538 aut
390 2476 488 2539 officio
510 2480 640 2560 puratis,
655 2474 773 2537 restibus
791 2474 900 2537 crede·

214 2578 247 2619 re
260 2558 350 2629 ;nihil
365 2556 427 2632 est,
443 2580 494 2619 cur
505 2559 576 2619 alius
586 2558 644 2621 alio
663 2556 759 2636 judice
772 2571 837 2617 “ms
847 2560 900 2605 ''-

215 2653 264 2697 aur
274 2635 427 2716 sapientior
437 2639 730 2701 existimeturrunum
744 2634 786 2700 est
811 2654 838 2719 ιη·
857 2648 860 2654 ‘
969 2673 976 2688 =

215 2709 708 2797 &simplex'aunu'rnjudicium‚&
851 2714 854 2720 ’

215 2798 250 2859 &
269 2798 593 2879 communiter-stultia,
613 2810 651 2859 oo

215 2874 464 2942 mundatum.-
498 2918 541 2945 ,-
601 2879 639 2918 ’·
752 2882 763 2898 “
