2550 4175
290 371 365 423 212
479 347 816 414 INVnnaeM

287 460 419 523 universa
439 457 615 531 multitudo,
632 459 792 518 atrocitate
813 455 884 530 rei,
899 455 976 518 misci

287 542 469 623 ricordiique
489 555 665 613 commota,
692 537 838 598 senatum
857 538 976 600 chunone

289 625 408 704 coEgit,
432 638 464 681 ut
488 623 516 682 ei
538 619 724 680 simulacrum
744 617 825 680 illud
849 617 977 680 Mercuri

289 705 479 786 polliceretur
494 722 501 761 ι
517 699 681 761 clamabant
698 697 794 775 fore,
809 715 847 760 ut
859 701 915 782 ipsi
927 695 976 760 sese

290 786 332 845 dii
358 781 537 844 immortales
562 779 771 840 ulciscerentur
800 801 809 840 :
835 779 976 842 houthem

290 868 402 926 interea
415 865 509 946 perire
525 865 714 922 innocentem
740 880 809 922 non
836 875 976 944 oportere.

291 944 372 1007 Turn
396 944 529 1026 frequens
546 941 659 1003 senatus
688 939 729 999 ad
757 938 852 1001 istum
879 942 975 1004 venir:

291 1027 446 1107 pollicetur
461 1026 584 1106 signum.
611 1020 657 1081 Ita
681 1019 820 1101 Sopater
842 1019 883 1084 de
901 1019 976 1082 {lanu

292 1105 332 1166 C.
350 1105 503 1176 Marcelli,
517 1124 604 1186 quum
621 1101 681 1183 iarn
694 1120 779 1182 pene
797 1099 977 1185 obriguiffet,

292 1189 343 1250 vix
355 1187 441 1246 vivus
453 1184 590 1245 aufertur.

334 1265 427 1327 XLI.
445 1264 515 1326 Non
532 1261 646 1345 pofl'utn
665 1260 811 1344 disposite
833 1262 922 1326 ifhun
937 1283 978 1324 ec·

295 1346 415 1422 cufare,
436 1349 461 1406 si
483 1348 617 1426 cupiam:
638 1363 714 1423 opus
745 1341 792 1404 est
814 1366 883 1408 non
902 1345 978 1406 solitu

294 1430 412 1511 ingenio
430 1472 446 1500 ,
464 1427 678 1488 verumetiam
700 1421 838 1488 artificio
866 1425 979 1510 quodem

295 1509 441 1648 {figulari
459 1506 560 1567 Unum
575 1506 632 1567 hoc
648 1505 766 1645 ‘limen
773 1505 905 1650 {deff
917 1503 978 1601 effe.

351 1610 368 1647 a
389 1607 438 1648 me
477 1608 510 1647 ro
530 1608 592 1647 uno
650 1606 726 1646 nrur
886 1605 978 1650 ercoru

295 1608 521 1747 Tyndariteiio:
536 1607 695 1748 plurrifunt
708 1685 716 1724 t
735 1629 792 1726 fed
801 1687 844 1730 ea
855 1689 918 1751 quo
929 1685 979 1751 pit·

296 1763 330 1807 to
352 1745 522 1829 distinguere
539 1792 551 1819 ,
568 1768 601 1807 ac
617 1745 754 1828 separare
772 1751 897 1829 possim
908 1793 920 1825 ‚
931 1743 979 1810 nef·

297 1828 345 1888 cio
361 1849 368 1887 ι
383 1826 423 1890 est
465 1829 630 1889 ecuniarum
653 1842 836 1908 captarum,
949 1828 980 1888 si-

296 1929 387 1992 gnum
404 1849 518 1970 afrciis
531 1908 658 1989 pecunia
670 1927 793 1990 magnae
811 1907 833 1970 f
906 1904 980 1972 ’τιό

296 1989 469 2074 peculatus,
486 1989 567 2072 quod
587 1987 705 2071 publicu
726 1989 846 2070 populi·
870 1989 981 2054 nonan

296 2074 431 2154 signum,
450 2070 487 2133 de
504 2069 602 2153 praeda
616 2065 744 2130 hostium
762 2088 920 2152 caprum,
937 2090 982 2155 po·

298 2155 385 2213 situm
394 2154 576 2232 imperatoris
591 2147 679 2211 nostri
695 2152 827 2213 nomine
839 2196 853 2227 ,
869 2176 930 2215 uon
942 2150 982 2213 da·

297 2231 401 2292 bitavit
417 2230 548 2292 auferret
572 2229 612 2292 est
633 2226 796 2309 majestatis
810 2275 827 2307 ,
841 2234 927 2317 quod
940 2235 983 2295 iu·

296 2313 370 2393 perii
378 2309 466 2372 nostri
478 2311 762 2395 gloriae,rerumque
810 2310 984 2377 starummo·

298 2410 438 2453 numenta
456 2408 611 2466 evertere,
627 2408 717 2474 atque
768 2410 899 2473 portare
918 2394 983 2457 ausu

298 2470 360 2531 est:
376 2472 417 2533 est
432 2473 564 2547 sceleris,
581 2472 663 2554 qubd
677 2472 845 2555 religiones
857 2478 985 2539 maxima

297 2553 421 2613 violavit
435 2577 443 2613 r
457 2552 498 2613 est
513 2553 710 2628 crudelitatis,
731 2554 820 2634 quod
847 2558 882 2619 in
902 2558 986 2619 1)οωὶ-

299 2651 369 2692 nem
385 2634 590 2707 innocentem,
602 2637 633 2693 in
649 2632 761 2695 socium
782 2638 923 2699 nostrum
933 2682 943 2713 ‚
954 2652 988 2697 at·

300 2733 357 2793 que
366 2717 488 2776 amicum
497 2761 514 2789 „
524 2735 654 2789 novum,
670 2734 704 2776 ac
717 2714 874 2799 singulare
888 2718 988 2802 suppli-

301 2795 338 2854 cii
370 2816 439 2856 enus
453 2798 637 2881 excogitavit.

342 2812 391 2959 ξεῖ.
412 2875 488 2939 Illud
503 2878 575 2945 verb
591 2873 663 2961 quid
675 2876 731 2951 sit,
746 2872 813 2957 jam
838 2898 907 2945 non
919 2898 989 2965 queo
1022 2952 1024 2965 Ι
