2550 4175
400 357 506 426 Pro
534 358 581 426 A.
608 314 850 429 cremor(
900 373 978 451 435„

291 466 388 546 boni,
402 474 438 533 δι·
452 474 647 553 aequi'nomerr
658 512 674 543 r
683 470 911 612 dignitatemque
925 494 983 555 op·

293 571 417 633 ponere.
439 551 519 613 Tum
534 549 628 625 illud,
644 569 707 633 ‘quo
745 554 848 613 dicitur
860 556 981 627 ‚·Sive,

291 634 382 706 nive,
402 632 522 694 irrident
543 653 550 694 :
573 647 635 691 tum
659 637 780 714 aucupia
798 634 980 709 verborum,

295 713 505 775 &litterarum
523 709 684 780 tendiculas
709 713 739 771 in
763 714 901 776 invidiam
919 737 981 778 vo·

294 811 364 853 cant
383 814 391 853 :
411 811 473 854 tum
491 791 688 855 vociferantur
701 836 711 866 ‚
729 812 766 853 ex
781 813 869 875 aequo
881 797 913 856 &
924 796 981 857 bo·

296 895 359 946 no,
377 895 439 934 non
455 894 492 935 ex
508 872 631 947 callido,
649 871 902 954 versutoque-jure
916 897 980 938 rem

295 951 416 1035 judicari
431 973 567 1037 oportere
579 975 586 1013 :
597 952 734 1043 scriptum
751 954 857 1036 sequi,
875 956 981 1018 caiuma

295 1038 413 1096 oratoris
438 1034 496 1096 effe
512 1058 528 1097 ε-
545 1036 617 1096 boni
642 1034 773 1114 judicis,
796 1035 980 1106 voluntatem

294 1114 347 1177 scri
369 1120 455 1190 toris,
474 1116 732 1197 audioriratemque
747 1114 919 1179 defendere.
973 1157 983 1174 ,

351 1197 387 1258 ’6.
407 1197 441 1259 ln
453 1196 502 1258 ista
515 1199 590 1260 verb
608 1195 690 1257 causa
701 1241 712 1269 ,
728 1218 816 1279 quum
831 1215 864 1258 tu
879 1200 917 1260 sis
935 1200 985 1275 isj.

291 1281 345 1359 qui
363 1297 393 1339 re
410 1279 504 1339 verbo
516 1323 526 1353 ‚
538 1277 633 1338 littetd
656 1298 692 1338 ue
709 1276 847 1339 defendas
861 1297 870 1339 r
888 1299 983 1360 quum

293 1375 351 1417 ruae
368 1361 424 1419 sint
438 1360 482 1418 hae
496 1375 591 1439 partes
603 1402 616 1429 ‚
663 1358 720 1419 nde
732 1355 860 1437 dejedus
870 1358 925 1419 es?
941 1377 983 1424 an

294 1439 365 1499 inde
376 1484 393 1514 ,,
403 1440 463 1521 quo
475 1439 636 1520 prohibitus
648 1459 680 1500 es
690 1439 830 1500 accedere
843 1437 854 1499 i
870 1436 981 1518 ejedus

292 1540 348 1594 es,
365 1541 426 1580 non
445 1518 584 1599 dejedue.
599 1518 766 1599 Quumvtuo
780 1521 816 1579 sir
835 1520 896 1588 haec
909 1542 982 1581 ora-

295 1602 362 1673 tio,
386 1599 515 1673 Fateor,
536 1621 585 1660 me
608 1599 745 1662 homines¹
759 1598 884 1683 co'e’giffe
902 1622 910 1661 τ
930 1600 980 1662 fa-

295 1698 382 1755 reor,
403 1680 522 1743 armaffe
541 1680 682 1756 :·fateor,
697 1683 749 1742 tibi
771 1700 899 1743 mortem
920 1680 981 1746 effe

295 1765 473 1824 minitatum:
485 1763 585 1825 fateor·
593 1809 602 1837 ,
611 1764 669 1824 hoc
680 1762 985 1844 interdido·praetorie

294 1844 451 1915 vindicari,
463 1846 486 1903 si
492 1846 629 1904 voluntas
638 1846 670 1903 &
680 1847 797 1922 aequitas
805 1844 916 1904 valeat:
928 1843 987 1905 sed·-

296 1942 313 1983 e
336 1945 354 1982 ο
376 1925 495 1982 invenio
514 1926 544 1980 in
561 1921 714 1981 interdidio
727 1923 852 1981 verbum
861 1942 956 1990 ¹unum
966 1966 983 1999 ,.

295 1943 346 2063 nii
359 2001 541 2064 deliteseam:
557 2022 618 2061 non
634 1999 772 2073 deiecire
789 2021 825 2060 ex
835 2019 873 2062 eo
887 2001 957 2062 loco
965 2045 983 2079 ,

295 2105 384 2167 quem
398 2088 427 2143 in
440 2083 538 2142 locum
550 2080 684 2162 prohibui
695 2101 732 2141 ne
741 2083 869 2142 venires.

305 2203 310 2236 :
337 2162 473 2225 XXIV.
492 2162 526 2223 ln
542 2162 594 2223 ista
604 2161 775 2222 defensione
786 2160 898 2221 acmsas
906 2181 981 2239 eos,

295 2248 346 2329 qui
361 2244 566 2317 consuluntur,
590 2243 670 2324 quod
690 2244 829 2324 aequiratis
843 2241 984 2309 censeant

294 2331 438 2395 rationem
453 2371 462 2400 ‚
479 2347 539 2385 non
552 2326 636 2386 verbi
647 2324 763 2399 ,haberi
774 2341 922 2404 oportere.
941 2323 982 2389 Et

294 2411 438 2471 hocloco
466 2406 628 2468 Scaevolam
653 2404 745 2466 dixisti
767 2404 879 2466 causam
899 2406 985 2486 apud

296 2494 492 2551 centumuiros
510 2511 571 2549 non
587 2485 706 2547 renuiffe
728 2509 735 2545 τ
756 2506 982 2568 quemegoan·

296 2586 345 2629 rea
365 2573 620 2642 commemoravi,
645 2569 724 2650 quod
739 2568 818 2629 idem
837 2567 945 2629 faceret
966 2612 978 2645 ,

297 2649 378 2729 qood
398 2670 429 2710 ru
446 2674 520 2711 nunc
532 2654 669 2728 (tametsi
682 2651 730 2710 isse
743 2653 771 2709 in
786 2650 887 2730 aliqua·
896 2648 977 2710 causa

295 2729 441 2801 faciebat,
453 2749 485 2789 tu
499 2736 529 2791 in
540 2732 617 2789 nuila
630 2730 699 2789 facis
711 2737 724 2804 )
737 2747 835 2789 tamen
845 2729 979 2808 probasse

296 2812 406 2870 nemini
421 2811 501 2890 quod
515 2808 670 2880 defendis,
683 2812 751 2889 quia
764 2811 858 2870 verbis
870 2824 975 2892 ‚oppu-

294 2911 386 2974 prate
402 2889 738 2972 aequitztemyidebatur.
757 2888 859 3032 QTUUW
875 2894 906 2951 id
924 2891 980 2958 mi÷

831 2994 867 3048 ¹1.

1043 2800 1103 3062 f
