2550 4175
374 381 448 475 '388
597 380 821 451 Oumo

370 513 442 634 uoql
451 509 562 557 metum
578 490 671 570 beni,
686 492 738 557 fed
751 494 836 579 spem
857 496 999 581 triumphi
1013 496 1058 561 ot

369 591 421 643 teu
442 594 503 637 ere.
671 619 673 626 -
708 607 711 612 ·

383 689 388 702 ι
401 673 460 730 ²7·
471 654 566 737 Qubd
576 655 639 716 siin
655 657 732 738 turpi
744 676 797 717 reo
807 657 979 740 patiendum
992 679 1056 721 ιιοιι

350 788 353 795 .
368 729 463 810 effet,
480 754 513 797 ut
530 737 687 820 quidquam
703 735 747 797 isti
762 737 888 799 seminis
901 737 1056 819 profeciffe

367 818 573 898 arbitrmentut
593 839 600 877 ι
621 817 691 899 quid
715 817 881 880 faciundum
908 820 995 880 vobis
1023 824 1064 882 iu·

367 896 422 957 M:
430 896 556 959 Fonteio
572 896 772 958 arbitramini?
786 900 824 960 de
837 921 897 982 quo
910 901 1053 977 homine,

367 974 510 1056 Iudices‘s
518 977 577 1059 jam
593 980 671 1039 enim
691 979 759 1037 mihi
770 980 874 1041 videor
891 979 949 1041 hoc
960 1027 970 1055 ‚
981 999 1063 1062 pro··

389 1059 405 1117 ὲ
424 1058 509 1119 causi
522 1059 634 1119 duabus
652 1057 812 1120 atiionibus
829 1062 984 1141 peierati,
999 1062 1054 1123 de·

365 1078 438 1199 fiere
458 1139 581 1212 dicere)
600 1139 637 1199 de
654 1160 713 1221 quo
729 1139 784 1200 vus
804 1142 948 1217 homine,
966 1141 1062 1202 Iudi--

365 1240 439 1293 ces,
457 1240 495 1280 ne
513 1220 550 1279 ab
570 1220 691 1280 inimicis
709 1220 828 1301 quidem
843 1221 935 1281 ullum
952 1219 1053 1285 fitium

388 1299 539 1361 robrosum
551 1321 610 1361 non
620 1300 715 1361 'modb
725 1303 857 1376 crimen,
874 1301 972 1362 sedne
986 1324 1053 1364 ma-

323 1393 325 1396 ’
364 1317 503 1443 I'editium
558 1380 638 1442 idem
653 1380 775 1442 audistis.
790 1380 895 1464 Ecquis
911 1403 1052 1465 umquam

364 1481 432 1522 reus
443 1507 453 1536 ‚
463 1484 520 1544 prae
534 1467 618 1523 ertim
630 1465 660 1521 in
674 1462 728 1522 hac
746 1465 813 1522 vitae
831 1464 943 1524 ratione
953 1464 1053 1526 versa-

364 1560 412 1603 tus
423 1546 470 1617 ,in
482 1543 642 1603 honoribus
650 1543 799 1625 petendis,
807 1546 836 1625 in
846 1542 1051 1624 potestatibus,

363 1624 394 1683 iu
413 1626 539 1706 imperiis
579 1624 714 1697 ereudis,
728 1626 769 1683 sic
785 1622 929 1684 accusatus
942 1620 1004 1699 est,
1017 1644 1051 1687 ut

363 1704 476 1763 nullutn
499 1644 664 1785 prqgrum,
689 1704 801 1763 nullum
820 1702 952 1777 facinus,
970 1706 1063 1768 nulla·

364 1782 536 1864 turpitudo,
554 1804 619 1865 quae
636 1805 653 1842 a
668 1783 809 1855 libidine,
821 1805 870 1845 aut
886 1786 1052 1865 apetulan-

358 1866 424 1942 tia,
439 1881 488 1925 aut
504 1864 541 1923 ab
558 1863 677 1946 audatia
690 1881 756 1924 nata
767 1864 857 1939 effet,
875 1867 912 1925 ab
929 1865 1064 1927 accusa·'

362 1957 428 2005 tute
448 1942 650 2024 objiceretur,
672 1947 775 2026 sinon
800 1965 894 2019 vera,
917 1963 1051 2009 attamen

363 2020 434 2089 fitia'
453 2037 519 2089 cum
533 2026 628 2108 aliqua
643 2026 757 2096 ratione
770 2072 780 2101 ,
795 2048 829 2085 ac
844 2025 1028 2108 suspicione?
1059 2057 1062 2067 ·

405 2107 509 2168 XIII.
531 2106 577 2166 M.
601 2107 750 2167 AEmilium
778 2105 940 2182 Sennium,
965 2107 1050 2169 sum·

339 2211 343 2220 ¹
362 2210 444 2250 mum
457 2186 560 2266 nostrae
572 2183 695 2246 civitatis
710 2191 804 2248 virum
817 2234 827 2263 ‚
841 2189 943 2248 scImus
958 2210 1050 2251 accu-

360 2268 451 2333 satum
469 2291 486 2330 a
503 2267 548 2328 M.
567 2266 677 2328 Bruto:
694 2264 806 2327 exstant
823 2272 970 2330 orationes
986 2291 1050 2342 ;ex

403 2351 470 2412 ibus
476 2349 597 2431 intelligi
615 2347 712 2428 potest
725 2347 743 2421 ,'
752 2344 842 2408 mulia
854 2350 884 2408 in
904 2349 986 2409 illum
1000 2352 1049 2432 ip-

358 2363 423 2494 g'm
438 2430 576 2491 Scaurum
595 2427 653 2489 effe
673 2427 747 2488 diua
767 2449 775 2487 ε
794 2428 887 2501 falsu,
906 2434 969 2510 quis
989 2451 1049 2492 ue·

358 2513 432 2604 gat!
443 2526 645 2571 verumtamen
655 2510 692 2567 ab
702 2512 822 2603 inimicq
835 2508 909 2603 flissia
918 2554 930 2580 ‚
942 2510 1049 2572 &ob-

358 2591 445 2674 Jeiia.
457 2589 562 2670 Quim
576 2590 666 2649 muita
681 2589 735 2647 Μ’.
747 2589 877 2728 Aquilius
889 2589 1002 2650 audivit
1014 2614 1047 2654 ιιι

358 2672 411 2734 suo
429 2664 563 2751 judicio?
577 2669 665 2751 quim
680 2667 771 2728 muita
808 2667 923 2730 .Cotta
933 2669 945 2729 ἓ
957 2671 1048 2732 deni-

358 2746 418 2836 que
439 2752 470 2820 P.
490 2751 612 2813 Rutilius
627 2796 637 2825 ‚
652 2751 721 2845 qui,
735 2749 789 2843 et'si
810 2750 961 2845 flamnatuf
980 2749 1046 2826 est,

357 2835 429 2897 mihi
449 2835 564 2895 videtur
579 2850 685 2892 tamen·
697 2848 772 2892 mter
788 2853 869 2892 vuos
891 2848 1045 2912 optimos,

358 2928 446 3002 atque
467 2908 723 3003 inuotkntisdmos.
749 2909 806 2977 effe
833 2912 1060 2979 numerandus..

487 3012 505 3059 t·
528 3006 545 3043 ·¹
