2550 4175
354 715 823 802 Antoniorum<
862 717 933 791 161

259 832 313 892 bus'
329 829 520 911 cupiditatis,
546 832 626 894 idem
652 830 693 893 est
718 828 936 892 aestimationis:

259 909 373 972 difficile
388 908 428 971 est
442 912 519 971 enim
534 910 623 972 finem
637 910 732 972 facere
771 914 866 983 retio,
884 914 938 972 nisi

259 990 366 1052 libidini
385 989 499 1051 feceris.
519 991 618 1053 Video
634 994 719 1074 igitur
768 989 865 1070 ejum,
881 1013 936 1053 ne·

259 1090 314 1151 que
331 1070 503 1145 voluntate,
528 1092 625 1155 neque
652 1070 817 1131 difficultate
841 1072 936 1153 aliqui

259 1153 427 1230 temporis,
455 1171 550 1234 neque
578 1150 774 1235 magnitudine
808 1156 936 1231 pecuniae

259 1229 414 1290 addudum
436 1228 515 1305 effe,
534 1248 566 1292 ut
584 1234 647 1294 haec
671 1236 752 1314 signa
766 1231 935 1293 venderet:

259 1327 343 1391 teque
354 1308 405 1370 iste
414 1313 598 1375 simulatione
611 1313 789 1394 emptionis,
805 1314 855 1386 vi,
871 1331 937 1374 me·

259 1406 308 1465 tu,
332 1392 478 1472 imperio,
501 1391 642 1468 fascibus,
666 1394 703 1453 ab
729 1393 848 1453 homine
869 1411 935 1469 eo,

260 1491 342 1553 quem
361 1470 418 1532 uni
440 1492 505 1533 cum
533 1475 635 1535 ceteris
652 1471 736 1534 sociis
755 1494 816 1533 non
840 1471 934 1533 solum

260 1549 389 1690 Rotestati
411 1568 489 1626 tua,
513 1552 563 1615 sed
596 1556 684 1614 etiam
710 1551 780 1612 fidei
810 1551 938 1633 populus

283 1651 405 1691 omanus
431 1632 639 1705 commiserat,
666 1629 821 1713 eripuiss'e‚
848 1647 937 1711 atque

260 1709 406 1772 abstulille.
991 1709 993 1714 ’

299 1808 344 1872 ¹5·
365 1789 447 1869 Quid
470 1790 539 1850 mihi
558 1807 617 1849 tam
641 1790 824 1871 optandum,
850 1788 936 1850 Ju'di-

260 1891 326 1943 ces,
343 1868 438 1953 potest
453 1868 509 1931 effe
522 1873 552 1931 in
573 1870 630 1931 hoc
649 1873 789 1942 crimine,
800 1868 886 1949 quim
902 1888 935 1930 ut

260 1951 316 2012 laec
336 1951 440 2012 eadem
464 1950 564 2012 <ficati
587 1950 618 2011 se
640 1948 755 2030 Hejus?
773 1950 843 2011 nihil
881 1971 934 2009 ro·

260 2030 331 2093 ferto
351 2053 358 2092 :
382 2031 431 2094 sed
458 2052 495 2094 ne
521 2032 549 2093 di
582 2031 645 2092 cilia
673 2049 818 2113 optemus.
872 2027 934 2109 ejus

260 2111 295 2173 est
314 2112 502 2173 Mamertinus
523 2134 530 2172 :
552 2112 728 2173 Mamertina
739 2115 838 2173 civitas
849 2110 932 2171 istum

260 2192 366 2270 publice
390 2194 538 2252 communi
562 2193 683 2252 consilio
711 2191 771 2251 sola
801 2191 898 2250 laudat
924 2213 932 2249 ε

260 2271 388 2331 omnibus
402 2270 461 2351 ipse
483 2273 585 2330 ceteris
602 2269 702 2329 Siculis
718 2271 787 2330 odio
809 2269 850 2327 est
870 2289 877 2327 :
896 2270 933 2328 ab

260 2353 296 2411 ais
322 2349 387 2410 solis
411 2367 530 2408 amatur.
551 2346 621 2426 Ejus
645 2366 742 2408 autem
759 2349 933 2428 legationis,

260 2451 318 2512 311ae
339 2430 376 2489 ad
393 2428 475 2490 istum
488 2428 663 2488 laudandum
680 2426 758 2486 milla
777 2426 836 2499 est,
854 2430 936 2506 prin·

260 2530 322 2591 :eps
346 2507 387 2570 est
407 2506 501 2586 Hejus
521 2530 527 2568 :
551 2511 660 2569 etenim
678 2506 719 2568 est
737 2511 844 2587 primus
861 2509 935 2565 civi-

260 2594 315 2650 :atis
337 2612 344 2649 :
369 2610 406 2650 ne
433 2589 530 2662 lorti,
552 2589 620 2647 dum
647 2588 767 2668 publicis
792 2587 936 2648 mandatis

260 2668 377 2742 iniat,
392 2669 429 2730 de
444 2671 560 2750 privatis
576 2666 684 2746 injuriis
696 2670 823 2728 reticeat.

299 2751 343 2811 16.
364 2751 435 2810 Haec
455 2771 544 2831 quum
564 2746 663 2809 scirem
691 2749 723 2808 &
750 2751 933 2829 cogitarem,

260 2833 385 2891 :ommisi
401 2847 498 2890 tamen
512 2848 581 2900 me,
599 2829 732 2901 ludices,
749 2827 829 2905 Hejo
842 2849 849 2887 :
860 2850 932 2907 pro-

260 2911 397 2971 luxieum
414 2910 506 2990 primi
525 2908 637 2969 anione
656 2931 663 2967 :
680 2928 774 2989 neque
785 2908 816 2967 id
833 2926 932 2967 tamen

261 2990 313 3049 rllo
331 2991 458 3068 periculo
475 2990 541 3051 feci.
559 2988 641 3067 Quid
652 2991 729 3049 enim
743 3005 858 3068 poterat
870 2987 934 3046 He·

261 3089 297 3126 ,us
313 3068 512 3147 respondere,
532 3070 554 3128 si
572 3067 641 3127 esset
664 3071 703 3126 im
726 3069 831 3138 robus,
852 3069 876 3125 si
891 3066 934 3125 sui

261 3148 396 3211 dissimilis
410 3151 421 3200 i
439 3152 517 3229 signa
534 3148 582 3208 illa
599 3148 681 3206 domi
698 3091 752 3204 tltae
769 3145 848 3216 else,
871 3166 933 3205 non

261 3226 331 3312 rpud
345 3226 490 3289 Verrem?
505 3230 553 3310 qui
563 3241 676 3308 poterat
693 3224 847 3308 quidquam
861 3222 938 3305 ejus..
