2550 4175
395 362 648 436 Arrionrs
672 365 781 446 Infit.
810 368 850 435 V.
895 374 974 458 ³321

288 476 385 558 ,patris
401 477 538 560 lacrymae
557 480 593 540 de
611 480 773 542 innocentis
783 478 833 540 filii
847 479 979 561 periculo

297 577 359 616 non
379 558 563 622 movebant?
581 580 671 639 quum
688 577 799 638 patrem
811 562 892 622 domi
909 560 982 620 reli-

295 635 400 717 quilles
416 659 424 697 ε
443 637 534 701 filium
552 658 649 699 tecum
674 637 815 700 haberes:
835 658 864 702 te
883 660 979 721 neque

296 716 421 798 pcaesens
437 718 511 780 filius
535 720 572 779 de
589 719 746 778 liberorum
769 723 907 795 caritate,
925 741 982 782 ne-

296 818 353 878 que
362 796 462 859 absens
471 818 553 881 pater
565 799 602 861 de
612 798 790 881 indulgentia
799 804 888 881 patria
897 823 981 863 com·

295 878 459 938 monebat?

340 977 405 1018 110.
424 958 549 1020 Catenas
564 959 691 1021 habebat
705 959 810 1041 hospes
825 976 888 1021 tuus
899 958 980 1022 Asis-

295 1053 381 1113 teus,
398 1037 543 1102 Dexionis
561 1039 645 1101 filius.
663 1040 745 1120 Quid
765 1040 825 1101 ita?
839 1041 981 1122 prodide-

295 1135 339 1178 rat
358 1118 482 1181 clallem.
493 1121 589 1201 Quod
601 1121 641 1181 ob
672 1124 823 1182 raemium?
838 1122 980 1198 udeserue·

295 1217 338 1259 rat
355 1204 523 1261 exercitum.
538 1201 620 1280 Quid
667 1201 817 1263 leomenes
830 1203 841 1262 l
854 1207 977 1284 ignavus

294 1277 397 1341 fuerat.
418 1282 460 1341 At
471 1302 538 1342 eum
549 1298 581 1340 tu
597 1280 636 1341 ob
653 1285 791 1340 virtutem
808 1284 917 1342 corona
926 1304 979 1344 au·

294 1360 346 1421 rea
363 1361 497 1422 donaras.
515 1360 671 1422 Dimiserat
685 1378 783 1421 nautas
795 1382 802 1418 ε
814 1378 844 1421 tu
862 1362 898 1421 ab
910 1383 979 1422 om-

294 1441 377 1501 nibus
394 1442 562 1503 mercedem
579 1442 722 1514 missionis
739 1461 903 1522 acceperas.
917 1442 978 1508 Al,-

292 1535 339 1581 ter
381 1543 462 1584 arens
480 1543 516 1583 ex
531 1522 624 1583 altera
639 1538 721 1602 parte
741 1537 803 1581 erat
818 1521 980 1583 Herbiten-

293 1604 332 1660 sis
355 1543 517 1678 Eubulidm
538 1603 630 1663 homo
651 1603 733 1663 domi
750 1600 806 1661 suae
829 1603 921 1662 clarus
944 1603 979 1670 &

293 1682 421 1742 nobilis:
437 1687 506 1765 qui,
522 1688 589 1765 quia
607 1681 803 1745 Cleomenem
823 1686 853 1743 in
872 1682 980 1745 defen·
1023 1745 1025 1753 ,

294 1761 395 1823 dendo
412 1763 473 1825 filio
487 1765 596 1825 laeserat
608 1808 617 1837 ‚
636 1764 729 1824 nudus
742 1763 878 1844 penelest
894 1763 979 1834 desti·

294 1860 382 1902 tutus.
402 1844 485 1923 Quid
504 1862 565 1904 erat
583 1860 702 1917 autern,
762 1846 803 1905 od
828 1844 978 1926 quisquam

295 1922 405 1983 diceret
416 1967 426 1996 ,
438 1942 485 1983 aut
496 1923 668 1982 defenderet
682 1922 693 1980 i
740 1924 906 1984 leomenem
918 1946 978 1986 no-

294 2006 405 2063 minare
422 2002 574 2062 nonlicet.
596 2000 637 2061 At
654 2000 735 2062 causa
751 2004 840 2082 cogit.
862 2003 980 2063 Morie-

283 2104 349 2155 re,
366 2085 389 2142 si
405 2082 557 2164 appellaris
578 2102 585 2140 t
605 2102 762 2162 numquam
777 2083 855 2143 enim
867 2080 918 2144 isle
936 2081 978 2146 est

294 2165 428 2244 cuiquam
446 2163 630 2224 mediocriter
647 2164 779 2222 minatus.
797 2161 839 2220 At
852 2167 978 2244 remiges

294 2266 355 2305 non
381 2262 472 2305 erant.
496 2243 651 2305 Pretorem
670 2259 701 2300 tu
723 2240 857 2303 accusas?
879 2243 981 2327 frange

295 2329 449 2386 cervicem.
480 2323 511 2385 Si
539 2343 633 2404 neque
664 2340 851 2403 praetorem,
881 2345 977 2405 neque

294 2408 423 2487 praetoris
441 2405 576 2485 aemulum
594 2404 741 2485 appellare
754 2403 852 2464 licebit
867 2450 875 2476 ‚
888 2427 977 2485 quum

296 2489 325 2545 in
342 2486 384 2545 his
405 2488 518 2549 duobus
536 2503 600 2546 tota
621 2505 705 2544 causa
721 2487 755 2543 sit
776 2506 784 2544 :
805 2486 874 2566 quid
900 2486 977 2547 sutu-

293 2586 357 2623 rum
371 2563 437 2624 est?
856 2593 858 2597 ·

336 2642 467 2705 XLIII.
489 2644 571 2707 Dicit
588 2648 675 2708 etiam
695 2643 805 2705 causam
822 2645 975 2707 Heraclius

295 2722 483 2804 Segestanus,
496 2728 586 2787 homo
601 2727 683 2785 dorni
702 2725 757 2783 suae
777 2725 889 2784 summo
906 2728 976 2787 loco

294 2821 387 2862 natus.
406 2803 513 2866 Audite
528 2824 580 2880 ‚ut
590 2804 686 2864 vestra
696 2805 856 2862 humanitas
875 2808 976 2885 pollu-

293 2886 355 2969 lat,
372 2882 507 2963 ludices:
522 2887 643 2965 audictis
657 2886 735 2944 enim
755 2885 791 2944 de
807 2889 916 2966 magnis
933 2890 978 2946 in-

728 2963 867 3026 'Ov
