2550 4175
378 424 635 494 Anionis
664 424 710 493 Il.
737 423 777 494 L.
803 423 867 492 IV.
908 438 984 514 225

297 579 304 590 ›
345 555 413 617 ¹07·
431 538 514 600 Enna
532 555 652 610 autern,
672 539 720 597 ubi
737 559 793 609 ea,
811 560 876 620 quae
892 538 985 612 dico,

304 617 384 702 gesta
393 617 450 681 elle
465 638 663 681 memorantur
675 618 738 692 ‚est
750 619 817 679 loco
826 618 985 700 praecelso·,

295 716 391 782 ratque
417 700 497 761 edito
517 721 528 773 ;
551 722 610 782 quo
636 701 666 757 in
684 699 795 759 summo
817 699 857 759 est
874 716 987 782 aequata

294 783 364 863 agri
384 781 542 862 planities,
567 781 600 840 &
621 800 702 861 aquae
727 800 868 860 perennes
891 802 898 839 ε
921 797 984 840 tota

286 862 375 922 -evero
390 862 427 935 ab
441 863 523 921 omni
542 861 620 931 aditu
640 859 819 933 circumcisa,
836 877 921 940 atque
940 860 986 922 di·

295 958 416 1022 rempra
438 941 478 1001 est
506 962 513 1000 :
541 962 627 1023 quam
653 942 726 1000 circa
746 940 846 1013 lacus,
870 942 992 1021 lucique*

293 1019 366 1094 3sunt
378 1022 513 1102 plurimi,
526 1023 558 1082 &
569 1022 707 1082 laetissimi
716 1022 803 1081 flores
818 1022 899 1081 omni
909 1037 985 1082 rem·

301 1121 377 1182 pore
394 1104 480 1174 anni3
495 1102 577 1162 locus
589 1119 620 1161 ut
635 1104 693 1181 ipse
707 1119 819 1184 raptum
831 1102 911 1162 illum
924 1104 984 1162 vir·

292 1184 398 1262 ¹-ginis,
414 1201 502 1263 quem
517 1180 576 1260 jam
590 1183 713 1262 apueris
728 1184 910 1262 accepimus,
926 1182 983 1244 de-

295 1263 409 1336 ·clarare
425 1262 568 1326 videatur.
587 1261 704 1323 Etenim
718 1280 839 1343 propter
860 1260 901 1323 est
918 1261 985 1344 spe·

297 1340 387 1404 lunca
404 1340 559 1423 quaedam,
581 1340 718 1403 conversa
738 1342 775 1401 ad
792 1342 957 1423 aquilonem
968 1372 987 1414 ‚¹

297 1420 412 1496 ,infinita
431 1422 601 1497 altitudine,
618 1421 677 1502 qui
692 1420 795 1494 Ditem
814 1439 926 1501 patrem
940 1421 984 1483 fe·

297 1520 368 1564 runt
387 1502 508 1585 repente
530 1523 596 1562 cum
616 1523 700 1562 curru
727 1500 877 1575 exstitisse,
895 1501 982 1563 abre·

301 1599 381 1665 ptam
403 1603 439 1652 ue
456 1603 493 1644 ex
512 1603 550 1644 eo
572 1583 650 1644 loco·
662 1583 804 1665 virginem
823 1582 919 1643 secum
941 1580 984 1644 as-

294 1679 385 1744 porta
409 1685 444 1738 e,
464 1662 497 1724 &
512 1663 604 1724 subito
621 1685 682 1725 non
694 1663 783 1747 longi
799 1686 816 1724 a
833 1662 981 1745 Syracusis

294 1743 460 1824 penetraffe
475 1742 525 1804 sub
538 1762 627 1823 terras
636 1790 647 1820 ‚
656 1746 806 1826 lacumque
816 1746 845 1804 in
863 1764 901 1807 eo
911 1745 981 1808 loco

301 1825 423 1905 repente
445 1823 597 1896 exstitiffe3
616 1825 666 1884 ubi
680 1824 767 1906 usque
782 1825 887 1886 adhoc
902 1842 981 1887 tenr-

301 1925 356 1986 pus
377 1901 548 1985 ¹Syracusani
574 1901 662 1963 festos
691 1904 751 1964 dies
776 1904 981 1968 anniversarios

302 2000 416 2066 agunt,
435 1982 626 2043 celeberrimo
640 1983 769 2044 virorum
785 2027 795 2057 ‚
813 1985 983 2045 mulierum·

296 2084 360 2147 que
380 2078 538 2126 conventu.

293 2203 298 2209 .
343 2142 473 2206 XLIX.
492 2143 616 2225 Propter
630 2140 713 2224 hujus
727 2143 871 2226 opinionis
886 2147 981 2207 vetus·

302 2242 415 2301 tarem,
433 2225 513 2306 quod
527 2244 628 2286 eorum
649 2227 679 2285 in
697 2225 740 2285 his
755 2224 826 2286 locis
843 2224 981 2309 uestigia,

293 2328 337 2377 ,εις
350 2306 445 2390 prope
462 2306 633 2367 incunabula
643 2308 821 2387 reperiuntur
838 2307 980 2384 deorum,

301 2388 372 2446 mira
394 2386 527 2469 quaedam
555 2388 618 2447 toti
648 2386 742 2447 Sicilia
767 2391 923 2469 privatim,
945 2413 979 2451 ac

301 2469 413 2548 publice
436 2467 488 2530 reli
509 2471 538 2528 io
561 2465 602 2529 est
620 2465 736 2529 Cereris
748 2467 897 2530 Ennensis.
911 2469 979 2532 Ete-

292 2550 361 2611 nim
380 2549 470 2609 multa
489 2489 564 2630 laepe
580 2549 712 2632 prodigia
730 2552 791 2610 vim
810 2549 897 2631 ejus,
922 2574 978 2611 nu·

296 2649 426 2711 ,meoque
446 2629 613 2691 declarant:
629 2631 724 2691 multis
736 2630 808 2712 saepe
824 2635 852 2691 in
867 2631 978 2693 difficil-

301 2704 375 2771 limis
387 2711 472 2773 rebus
488 2708 608 2792 praesens
619 2713 753 2771 auxilium
771 2710 832 2789 ejus
847 2713 976 2772 oblatum

298 2786 362 2855 est:
382 2808 414 2851 ut
431 2792 492 2850 haec
508 2788 599 2852 ‚insula
618 2793 655 2851 ab
675 2812 709 2851 ea
734 2814 795 2850 non
817 2791 908 2854 solum
932 2796 977 2851 ‹li-

303 2868 352 2949 ligi
365 2913 375 2942 ,
388 2869 451 2935 'sed
469 2874 556 2936 etiam
577 2871 666 2936 incoli
684 2917 694 2948 ,
715 2870 903 2954 custodirique
930 2878 975 2939 vi-

295 2947 412 3032 ‚lutus
920 3007 940 3016 -ι

809 3032 837 3091 K
860 3055 878 3094 v
