2550 4175
328 340 582 407 Acrronrs
605 336 654 404 II.
678 329 794 404 LIV.
834 350 908 426 195

229 451 298 525 rire,
314 452 342 511 di
383 470 429 509 am
442 451 524 532 regio
539 469 677 524 munere,
696 448 814 533 dignam
823 446 913 531 Capi·

230 532 317 592 tolio.
336 471 453 590 Elem
476 547 537 592 erat
554 548 592 591 eo
608 528 784 611 splendore,
804 532 853 612 qui
873 552 911 592 ex

231 612 392 672 clarissimis
414 610 446 670 &
464 609 591 690 plurimis
608 612 730 692 gemmis
747 609 804 672 elle
818 609 911 672 debe·

231 692 300 752 bat:
316 690 352 752 ed
372 691 513 751 varietate
529 709 673 783 operum,
689 708 721 750 ur
737 712 781 751 ars
800 708 912 753 certare

229 772 380 835 videretur
403 790 470 829 cum
493 790 580 850 copia
599 788 607 827 ι
629 769 666 830 ed
690 767 912 851 magnitudine,

232 869 265 913 ut
284 850 405 933 intelligi
422 847 532 931 pollet,
552 870 612 909 non
633 848 670 909 ad
686 847 835 911 hominum
854 874 911 935 ap·

231 948 365 1016 paratum
373 976 385 1003 ,
405 930 454 992 sed
473 931 510 990 ad
522 931 689 1012 amplissimi
705 930 808 1013 templi
826 953 913 992 orna·

233 1029 364 1074 mentum
374 1010 430 1073 elle
440 1010 544 1071 fadum
561 1012 662 1094 :quod
679 1008 768 1093 quum
780 1009 844 1072 satis
852 1009 913 1091 jam

231 1089 402 1175 perspexille
426 1091 596 1169 videretur,
621 1091 724 1155 tollere
748 1094 803 1153 inci
826 1094 912 1169 ium,

232 1190 264 1235 ut
282 1171 431 1235 referrent.
445 1172 501 1235 Iste
521 1175 581 1245 ait,
600 1171 629 1234 se
648 1174 726 1235 velle
743 1174 792 1234 illu
824 1176 911 1235 etiam

229 1270 261 1318 at
282 1274 318 1315 ue
337 1255 424 1315 etiam
442 1254 627 1315 considerare
645 1274 653 1312 :
674 1274 856 1335 nequaquam
880 1252 912 1315 se

232 1276 289 1396 elle
300 1332 429 1394 satiatum
447 1355 455 1392 ε
477 1332 560 1413 jubet
588 1332 653 1393 illos
678 1330 851 1405 discedere,
878 1334 913 1395 &

231 1412 437 1475 candelabmm
446 1416 617 1494 relinquere.
627 1412 674 1473 Sic
685 1412 726 1473 illi
735 1429 798 1472 tum
810 1414 913 1476 inanes

229 1494 271 1558 ad
285 1492 465 1554 Antiochum
483 1508 676 1553 revertuntur.

274 1572 402 1635 XXIX.
422 1571 488 1634 Rex
502 1573 597 1653 primb
615 1571 686 1633 nihil
699 1587 849 1645 metuere,
866 1571 915 1633 ni·

228 1654 273 1718 lril
290 1652 421 1736 suspicari
445 1674 453 1713 ε
477 1652 538 1713 dies
560 1674 652 1729 unus,
674 1651 766 1729 alter,
806 1653 912 1714 lures:

232 1756 295 1797 non
315 1734 423 1796 referri.
447 1729 527 1795 Tum
543 1735 631 1795 mittit
647 1754 699 1795 rex
715 1734 751 1793 ad
769 1675 874 1808 illum,
888 1734 913 1795 s'i

232 1816 287 1877 sibi
294 1815 449 1889 videatur,
465 1832 497 1875 ut
512 1814 624 1876 reddat.
644 1814 731 1877 lubet
748 1813 799 1876 iste
812 1813 912 1897 poste·
951 1869 953 1874 .

233 1899 290 1957 rius
317 1896 355 1957 ad
380 1894 409 1957 se
434 1899 567 1959 reverti:
595 1897 699 1955 mirum
723 1895 764 1954 illi
791 1896 912 1959 videri:

234 1976 323 2037 mittit
339 1980 443 2037 iterum
461 1997 469 2037 ι
488 1996 550 2036 non
566 1973 702 2034 redditur.
728 1972 792 2054 Ipse
816 1975 913 2035 homi·

234 2076 305 2120 nem
318 2057 465 2140 appellat:
485 2073 588 2139 rogat,
608 2071 638 2116 ut
658 2053 770 2115 reddat.
792 2051 837 2115 Os
852 2054 915 2115 ho·

234 2140 341 2212 minis,
356 2142 554 2222 insignemque
569 2134 778 2217 impudentiam
792 2134 917 2218 cognos-

233 2221 301 2282 cite.
319 2216 413 2299 Quod
429 2218 532 2293 sciret,
549 2217 687 2300 quodque
705 2237 740 2276 ex
759 2213 820 2296 ipso
842 2235 914 2299 rege

234 2297 353 2362 audisset
364 2301 392 2360 in
403 2296 552 2382 Capitolio
567 2297 816 2379 elleponendum:
851 2296 914 2359 uod

233 2382 303 2445 Jovi
316 2379 347 2442 Ο
369 2384 441 2442 timo
460 2379 612 2454 Maximo,
626 2379 707 2460 quod
724 2318 912 2460 populolllo-

234 2483 322 2523 mano
340 2403 446 2524 dinaei
460 2459 597 2533 videret,
613 2461 643 2519 id
655 2461 707 2520 sibi
723 2475 754 2519 ut
769 2460 912 2534 donaret,

234 2561 368 2624 rogare,
399 2542 433 2601 δι
461 2540 653 2602 vehementer
677 2556 778 2621 petere
813 2541 921 2636 coepirg

235 2622 338 2701 Quum
356 2620 471 2696 illese,
488 2622 586 2682 &reli
607 2625 674 2683 ione
687 2621 769 2682 Jovis
791 2616 868 2703 Cepi
909 2624 912 2631 '

237 2701 309 2774 lini,
325 2701 358 2762 &
380 2701 563 2764 hominume
583 2704 589 2717 '
616 2704 754 2763 'matione
781 2703 861 2784 impe

237 2780 367 2854 diceret,
382 2783 462 2863 qubd
473 2782 568 2843 multae
577 2787 709 2843 nationes
726 2777 811 2845 testes
825 2776 870 2845 eff

234 2860 312 2923 illius
323 2865 437 2940 operis,
451 2884 486 2925 ec
502 2864 647 2926 muneris:
662 2858 715 2941 iste
729 2859 851 3004 helmini¹

782 2963 803 3022 ¹1
866 2958 868 2965 ·
