2550 4175
296 396 373 479 '332
464 382 528 450 ΙΝ
566 386 806 450 VERREM
860 409 861 412 ¹

286 497 349 574 Ubus
364 541 374 570 ‚
394 494 425 555 &
438 494 585 557 beneficiis
599 496 695 555 floruit
713 492 873 577 princeps)
892 492 982 554 sustu·

295 574 358 636 listi.
379 573 479 637 Dexio
496 577 562 648 hic,
580 596 667 656 quem
690 574 818 649 videtis,
834 595 895 634 non
915 596 979 656 quae

287 656 411 737 ‚publica
429 656 586 738 Tyndari,
607 677 668 716 non
689 677 753 735 quae
773 657 909 736 privatim
927 655 982 715 sihi

294 734 442 816 eripuisti,
459 736 509 798 sed
526 739 642 796 unicum
661 734 745 797 miser
761 736 812 795 abs
835 752 867 795 re
889 733 981 794 filium

295 819 437 896 optimum
450 862 460 890 ‚
476 834 561 898 atque
570 819 838 877 innocentissimum
849 816 979 897 flagitat:

295 916 357 956 non
371 916 407 957 ex
421 898 516 957 litibus
532 895 674 957 aestimaris
691 899 746 956 tuis
759 898 912 979 pecuniam
926 896 982 954 do-

294 997 375 1037 mum
386 977 455 1049 ,sed
465 998 501 1037 ex
515 994 564 1038 tua
578 976 757 1049 calamitate,
774 978 863 1036 cineri
874 1020 883 1050 ,
894 992 981 1055 atque

296 1057 407 1116 ossibus
417 1056 466 1116 filii
479 1055 519 1115 sui
528 1056 659 1117 solatium
674 1057 736 1115 vult
746 1055 865 1137 aliquod
879 1077 983 1136 repor-

287 1141 368 1196 tare.
388 1136 445 1197 Hic
459 1154 519 1195 tam
532 1136 648 1241 grandis
660 1154 728 1195 natu
739 1134 904 1209 Eubulida,
924 1136 980 1195 hoc

295 1232 429 1290 tantum,
448 1216 546 1278 exalia
556 1232 658 1288 aetate,
677 1216 801 1289 laboris,
818 1216 981 1298 itinerisque

295 1294 442 1378 suscepit,
460 1319 521 1357 non
536 1315 568 1358 ut
582 1296 689 1379 aliquid
710 1317 745 1357 ex
763 1295 817 1356 suis
832 1296 918 1355 bonis
934 1317 983 1357 re·

290 1383 471 1458 'cuperaret3
489 1378 539 1447 sed
557 1393 608 1451 ut,
624 1378 727 1459 quibus
745 1376 836 1436 oculis
850 1394 982 1437 cruentas

289 1460 426 1520 'cervices
436 1456 486 1518 filii
496 1458 536 1519 sui
545 1458 659 1521 viderat
671 1457 789 1531 ,iisdem
801 1474 834 1517 te
843 1458 982 1518 condem·

298 1556 399 1598 natum
413 1539 537 1601 viderer.

343 1637 410 1697 129·
426 1617 455 1678 Si
469 1640 522 1700 per
540 1618 574 1678 L.
591 1616 746 1677 Metellum
760 1616 869 1677 licitum
889 1615 982 1688 ellet,

286 1695 431 1771 ludices,
446 1714 552 1759 matres
564 1697 679 1756 illorum
690 1741 699 1768 ,
711 1718 816 1757 uxores
830 1742 842 1769 ,
856 1696 983 1758 sorores·

297 1796 355 1854 que
373 1777 556 1836 veniebant:
596 1797 695 1835 uarum
721 1798 797 1851 una,
816 1798 905 1859 quum
924 1799 981 1859 ego

289 1855 335 1923 ,ad
347 1856 512 1918 Heracliam
530 1797 617 1916 noga
629 1856 800 1917 accederem
813 1879 899 1930 ‚cum
912 1880 981 1918 om·

298 1936 383 1995 nibus
401 1938 541 1997 matronis
555 1933 617 2017 ejus
633 1939 774 2011 civitatis,
787 1939 819 1998 δι
833 1959 898 1997 cum
910 1939 983 1999 mul·

299 2018 336 2075 ris
356 2017 465 2078 facibus
482 2016 553 2077 mihi
567 2017 688 2077 obviam
704 2020 809 2090 venit,
825 2018 856 2077 &
874 2021 913 2078 ita
934 2039 982 2078 me

289 2095 376 2166 ,suam
395 2096 515 2158 salutem
532 2099 701 2179 appellans,
718 2116 749 2159 te
766 2100 846 2159 suum
866 2099 983 2159 carnifi-

291 2198 365 2241 ,tem
388 2179 561 2252 nominans,
585 2176 635 2239 lilii
658 2199 768 2239 nomen
793 2179 982 2259 implorans,

299 2258 369 2318 mihi
390 2257 426 2319 ad
446 2256 543 2397 ἕεάες
562 2257 664 2319 misera
684 2257 797 2336 jacuit,
819 2262 898 2338 quasi
925 2280 982 2398 {go

300 2339 426 2399 excitare
466 2338 536 2399 lium
554 2336 615 2417 ejus
627 2340 663 2398 ab
676 2338 772 2400 inferis
788 2337 910 2418 possem.

297 2416 413 2476 ciebant
436 2417 493 2477 hoc
522 2418 601 2478 idem
630 2421 659 2479 in
689 2419 790 2477 ceteris
818 2418 982 2479 civitatibus

297 2497 421 2636 grandes
439 2499 507 2558 nafu
534 2515 658 2570 matres,
681 2499 713 2556 &
730 2499 798 2554 irem
818 2497 930 2576 parvuli
950 2500 983 2559 li·

290 2582 294 2589 '
321 2578 362 2636 eri
379 2576 567 2640 miserorum:
602 2598 705 2651 uorum
714 2592 900 2656 utrorumque
913 2596 982 2639 aeras

288 2656 452 2731 laborem,
467 2657 498 2720 &
515 2599 679 2717 induiriam
695 2676 791 2715 meam
802 2700 810 2727 ,
823 2655 932 2732 fidem,
949 2660 981 2720 &

299 2735 524 2800 misericordiam
539 2735 663 2798 vestram
676 2756 707 2796 re
729 2737 849 2799 uirebat.

290 2823 313 2882 ’,
345 2836 410 2896 130.
433 2817 534 2898 Itaque
562 2817 599 2878 ad
621 2836 692 2890 me,
710 2758 854 2892 iudices,
877 2835 981 2898 praeter

291 2899 727 2985 ,ceterashanc,queri1n0niam
746 2897 840 2962 Sicilia
859 2899 979 2982 detulit:
