2550 4175
279 410 328 479 80
461 410 520 476 Iu
552 412 777 476 VERREM

275 524 345 586 reris
366 522 537 595 civitatum,
561 524 594 583 &
614 523 735 603 privatis
760 521 957 605 primariorum

275 608 404 668 virorum
420 601 598 663 testimoniis.

294 682 413 764 llll.
439 682 521 763 Quid
544 681 630 743 vultis
651 681 805 764 amplius?
826 705 902 746 num
922 703 959 748 ex·

275 763 407 846 spedatis
422 807 432 837 ,
448 765 519 823 dum
531 763 564 822 L.
576 763 713 823 Metellus
730 765 779 837 is,
799 767 856 846 qui
869 765 959 826 multo!

275 848 306 905 in
319 843 403 905 istum
415 843 500 904 testes
516 844 639 924 imperio
654 844 686 903 &
696 841 857 925 potestate
876 845 960 908 deter-

275 929 353 1000 ruit,
369 926 448 987 idem
462 924 562 985 absens
573 923 610 983 de
623 921 699 983 istius
709 923 832 986 scelere
845 969 855 1000 ‚
867 929 960 1008 impio

277 1007 395 1081 bitate,
421 1004 541 1064 audacii
560 1003 761 1064 testimonium
783 1004 891 1070 dicati
913 1025 959 1068 nou

278 1090 394 1167 opinor.
414 1089 454 1146 Ar
474 1088 498 1144 is
515 1086 646 1164 optimi,
672 1085 722 1164 qui
745 1084 894 1148 successit
910 1085 959 1158 iffi,

276 1169 372 1248 potuit
388 1165 575 1248 cognoscere.
585 1163 628 1224 lta
647 1162 705 1225 est:
719 1167 836 1226 verium
852 1167 961 1228 anticitii

276 1247 445 1329 impeditur.
462 1246 504 1307 At
521 1246 610 1306 deber
620 1265 674 1304 nos
691 1247 845 1308 certiores
860 1245 959 1320 facem,

282 1351 344 1411 quo
361 1327 445 1409 paiio
467 1326 496 1387 se
513 1326 619 1386 habeat
635 1325 806 1405 provincia.
996 1339 998 1344 '

277 1406 960 1570 usstl‘l‘vlllmiffffll':illigati

276 1571 359 1630 nium
375 1571 491 1649 requirit
501 1568 519 1625 ,Ρ
529 1587 628 1627 nemo.
642 1565 720 1625 Num
731 1570 800 1647 quis
817 1567 960 1650 postulet?

277 1670 339 1709 nott
363 1650 478 1730 opinor.
502 1646 585 1724 Quid
607 1649 631 1706 si
646 1645 822 1709 testimonio
849 1649 885 1710 L.
904 1647 961 1726 Me·

277 1730 339 1788 telli
359 1749 392 1787 ac
405 1728 503 1787 litteris
515 1725 575 1786 haec
596 1730 694 1786 omnia
709 1746 784 1788 uera
804 1727 867 1792 eise
880 1729 961 1792 doce·

278 1809 320 1870 bo
331 1807 342 1868 l
352 1809 422 1889 quid
438 1805 560 1868 dicetis?
574 1809 668 1868 utrium
688 1806 856 1870 Metellum
873 1799 961 1890 sulsm

277 1887 425 1951 scribere?
440 1909 477 1950 an
499 1889 622 1948 amicum
646 1887 775 1948 laedendi
802 1887 867 1954 effe
888 1891 961 1972 eruiti-¹

277 1971 348 2032 dum
361 1970 372 2033 l
390 1987 613 2051 capartorem,
628 1967 890 2051 quemadmodum
903 1991 961 2054 pro·

277 2054 374 2115 vincia
393 2052 493 2115 affeiia
506 2054 562 2125 sit,
578 2048 710 2111 nescire?
731 2049 845 2113 Recita
866 2052 961 2115 littettt

279 2134 317 2197 L.
338 2135 475 2207 Metelli,
493 2153 562 2213 quas
580 2132 618 2191 ad
636 2129 695 2191 Cn.
716 2128 961 2214 Pompeium&

277 2215 325 2276 M.
342 2213 472 2275 Crassum
491 2211 639 2282 consules,
658 2232 727 2291 quas
746 2212 786 2271 ad
805 2212 857 2277 Mu
874 2214 962 2275 Mur

276 2298 368 2389 mium
383 2310 566 2433 Eraetorgffi,
580 2290 962 2437 {uffissssfffiffiffl

277 2392 365 2436 misit.
411 2391 483 2434 PJST
606 2415 615 2431 .
778 2394 802 2433 ι.
894 2394 963 2437 uu

272 2454 404 2537 frumenti
432 2456 487 2535 lege
519 2455 670 2511 Hieronicd
701 2455 832 2515 vendidi.
864 2454 963 2537 Qm

276 2534 373 2596 scribit
384 2533 431 2610 ,se
441 2535 468 2595 le
489 2553 506 2593 e
522 2532 680 2592 Hieronici
694 2532 891 2611 vendidisse,
940 2534 946 2549 '

276 2616 393 2679 scribit?
411 2618 451 2675 ita
471 2634 487 2675 e
502 2610 660 2674 vendidisse
673 2657 683 2684 ‚
699 2629 732 2672 ut
748 2634 863 2677 omnes
875 2661 887 2692 ,
896 2626 966 2759 ff:

276 2713 322 2758 ter
340 2696 493 2757 Verrem:
533 2712 602 2753 uum
617 2691 733 2766 scribit,
753 2693 784 2755 se
803 2694 879 2781 lege
959 2756 961 2761 .

277 2778 380 2838 tonici
395 2714 573 2849 vendidisse,
592 2772 661 2864 quid
678 2772 799 2835 scribit?
814 2774 848 2837 se
866 2772 966 2861 perd·

277 2877 341 2919 tum
353 2874 452 2938 erepta
464 2856 564 2918 Siculis
577 2874 721 2934 majorum
732 2853 909 2921 nostrorum
920 2858 967 2921 be·

279 2939 402 3016 nesii-ia,
419 2938 463 3022 jus
482 2936 632 3023 ipsorum,
648 2934 862 3013 conditionem
878 2938 968 3013 socii·
