2550 4175
283 421 356 492 106
450 422 514 487 In
559 424 795 489 VERREM

275 538 359 595 riam.
380 531 551 613 Susceperas
567 537 644 595 enim
663 534 772 595 liberos
794 553 858 592 non
877 530 977 595 solluni

276 617 348 689 tibi,
364 612 412 673 sed
429 615 515 674 etiam
529 615 628 695 patriae
643 618 712 695 :qui
727 636 789 674 non
804 615 904 676 modi>
921 618 977 675 tibi

276 696 447 776 voluptati,
468 692 518 756 sed
539 698 627 755 etiam
651 697 700 776 qui
722 695 886 777 aliquando
914 696 976 757 usui

278 776 441 857 reipublicae
468 774 525 835 elle
551 774 672 857 pollent.
702 774 762 835 Eos
790 773 974 851 instituere,

277 873 364 938 atque
376 856 488 916 erudire
504 856 540 915 ad
557 854 702 937 majorum
713 855 841 915 instituta
856 900 868 928 ,
884 874 974 938 atque

279 939 404 998 civitatis
425 936 621 1017 disciplinam,
641 958 703 997 non
723 937 760 996 ad
774 953 826 995 tua
839 937 881 995 sla
904 940 974 1011 ‘tia,

279 1038 376 1099 neque
392 1017 430 1077 ad
450 1017 718 1097 tuasnturpirudines
737 1015 875 1076 debuisti.
921 1017 977 1079 sset

280 1120 317 1160 ex
328 1099 413 1158 inerti
429 1113 515 1178 atque
525 1099 639 1180 impuro
653 1098 685 1157 &
695 1098 835 1179 improbo
845 1117 976 1178 parente

249 1245 251 1249 ,
278 1176 862 1260 navus,&pudens‚&probussilius:
879 1178 975 1240 habe·

278 1277 325 1321 ret
333 1258 440 1341 aliquid
453 1260 503 1317 abs
516 1275 545 1319 te
558 1258 714 1339 respublica
728 1260 868 1318 manetis.
885 1258 975 1319 Numc

279 1361 335 1422 pro
350 1358 381 1400 te
398 1338 522 1399 Verrem
532 1337 690 1399 substituisti
699 1339 825 1399 alterum
837 1341 972 1400 civitati:

280 1423 335 1481 nisi
352 1421 407 1479 hoc
422 1418 496 1480 sorte
515 1418 693 1481 deteriores}
704 1465 719 1491 ,
731 1422 758 1478 si*
771 1417 836 1479 fieri
849 1419 953 1501 potest
963 1465 980 1494 ,.

281 1502 360 1584 quod
378 1517 410 1560 tu
426 1497 568 1579 ejulinodi
588 1499 701 1561 evasisti
715 1545 724 1573 ,
739 1520 802 1559 non
821 1502 851 1559 in
874 1501 976 1562 honii·

281 1582 326 1641 nis
342 1581 499 1653 luxuriosi,
512 1580 561 1641 sed
577 1584 689 1640 tantum
706 1583 735 1639 in
754 1580 877 1641 finisac
895 1583 976 1644 divi·

280 1659 350 1722 soris
370 1660 514 1740 disciplini
534 1660 681 1721 educatus.

327 1740 393 1801 162.
409 1740 492 1820 Quid
501 1737 554 1801 isto
563 1738 689 1801 festivius
701 1738 768 1801 sore
776 1739 978 1816 arbitramur-4

283 1824 333 1903 qui
344 1818 386 1882 est
395 1838 461 1880 tuus
473 1821 573 1881 nature
582 1819 677 1892 filius,
693 1820 912 1885 consuetudine
923 1824 977 1885 dis·

282 1898 394 1983 cipulus
403 1947 416 1974 ,
439 1902 591 1963 voluntate
615 1900 740 1962 similis?
760 1900 867 1980 Quem
889 1924 975 1987 ego,

282 1980 417 2056 Iudices,
430 1986 562 2065 quamvis
579 1984 690 2043 bonum
701 1981 875 2063 fortemque
890 1984 976 2046 facile

281 2081 397 2146 paterer
415 2065 541 2126 evadere
559 2066 732 2126 :nonenim
748 2082 796 2123 me
813 2066 983 2127 inimicitia

283 2163 502 2218 commovent,
518 2150 541 2205 si
557 2166 621 2227 quae
632 2147 778 2205 miliizcum
794 2143 850 2205 isto
871 2146 978 2208 sutura

283 2228 341 2286 sint
360 2246 456 2285 :nam
473 2228 497 2284 si
513 2227 542 2283 in
562 2227 697 2285 omnibus
717 2225 803 2285 rebus
827 2226 977 2289 innocens

283 2306 367 2367 fileto
379 2350 390 2379 ‚
401 2306 517 2386 meique
526 2305 623 2364 similis
633 2327 645 2379 ς
655 2305 724 2386 quid
742 2305 811 2364 mihi
826 2305 908 2368 istius
918 2310 978 2368 ini·

283 2388 397 2447 micitiae
407 2385 556 2445 nocebunt
567 2388 587 2446 ἒ·
594 2388 636 2444 sin
647 2387 740 2466 aliqua
750 2389 779 2445 in
792 2406 825 2446 re
836 2385 929 2448 Verri
941 2391 977 2449 si·

284 2467 360 2528 milis
368 2465 452 2526 fuero
464 2487 540 2539 3non
550 2487 596 2525 ma
618 2468 641 2525 is
649 2468 718 2526 mihi
727 2466 979 2544 deeritinimicus,

283 2548 371 2629 quim
379 2545 467 2606 Veni
477 2546 578 2607 defuit.
590 2487 704 2607 linenim
716 2593 726 2622 ,
739 2547 856 2609 Iudices
872 2594 883 2621 ‚
899 2547 977 2631 ejus·

282 2629 365 2689 modi
375 2625 532 2708 respublica
541 2626 713 2701 debetesse‚
726 2628 759 2688 &
771 2630 825 2689 erit
839 2674 848 2702 ,
862 2628 978 2693 severi·

283 2724 341 2770 tate
351 2707 523 2788 judiciorum
534 2706 687 2769 constituti
701 2752 710 2782 ‚
724 2726 755 2768 ut
768 2710 906 2772 inimicus
920 2732 978 2773 ne-

283 2810 342 2871 que
361 2786 456 2850 deeffe
479 2792 598 2850 nocenti
614 2793 728 2872 possit,
746 2809 845 2871 neque
872 2792 984 2855 obesse·

282 2871 442 2932 innocenti.
453 2869 732 2952 Quapropternulla
740 2890 785 2930 res
795 2869 838 2931 esl
850 2917 859 2945 ,
871 2895 985 2956 quam·

284 2951 388 3016 obsem
404 2971 460 3036 ego
471 2949 554 3013 istum
564 2952 656 3017 nolim
667 2970 703 3012 ex
716 2953 842 3031 paternis
856 2956 984 3035 ptobr'u.
