2550 4175
252 352 332 427 424
481 331 711 403 OnArro

247 448 319 522 ·set;
346 448 383 509 eb
410 446 504 511 minias
532 449 725 511 dubitaretis:
745 447 840 508 omnis
861 448 942 510 enirn

247 533 305 592 vis·
314 529 380 603 est,
406 549 470 609 quae
496 533 625 612 periculo
651 548 700 590 aut
718 528 864 612 decedere
883 552 940 590 nos

253 611 385 671 alicunde
416 612 520 691 cogit,
545 628 595 672 aut
623 612 761 694 prohibet
787 610 942 673 accedere.

251 689 347 770 Quod
365 694 387 751 si
410 690 492 750 aliter
512 689 661 765 statuetis3
679 692 802 766 videte,
826 712 865 752 ue
882 693 942 752 hoc

252 790 310 833 vos
322 771 469 848 statuatis,
484 777 536 856 qui
548 776 634 849 vivus
648 771 821 846 discesserit,
837 775 867 843 ei
879 774 942 833 vim

253 852 503 916 uonessetattam
517 876 524 913 :
537 875 574 916 ne
585 856 643 915 hoc
654 855 789 914 omnibus
802 898 811 927 ,
828 855 858 913 in
870 852 943 936 pos}

250 930 411 995 sessionum
434 938 663 1010 controversiis,
682 934 870 1015 praescribatis
882 949 942 1009 ,ut

253 1016 470 1098 confligendum
487 1018 541 1077 sibi
550 1062 562 1089 ,
576 1017 607 1075 dc
627 1018 712 1075 armis
730 1014 942 1076 decertandum

252 1112 377 1176 putent:
389 1117 445 1169 ne,
459 1097 711 1179 quemadmodum·
720 1098 750 1156 in
761 1096 842 1156 bello
854 1103 941 1178 poena

253 1179 365 1259 ignavis
385 1178 421 1256 ab
442 1179 664 1259 imperatoribus
683 1174 884 1252 constituitur,
902 1179 942 1237 sic

254 1260 285 1319 in
303 1253 415 1336 judiciis
441 1259 569 1320 deterior
587 1257 669 1319 causa
688 1261 723 1319 sit
743 1278 872 1330 eorum,
893 1260 941 1339 qui

253 1335 403 1421 fugerint,
430 1341 518 1422 quim
539 1344 589 1423 qui
615 1340 653 1401 ad
675 1354 838 1401 extremum
855 1337 944 1421 usque.

253 1420 468 1485 contenderint.
780 1427 783 1458 ²

254 1560 260 1570 ,
295 1520 346 1580 47.
364 1502 466 1583 Quum
489 1503 526 1565 de
544 1500 630 1583 jure,
647 1502 679 1563 δι
694 1502 832 1585 legitimis
843 1502 944 1561 horniss

255 1604 325 1646 num
353 1587 560 1646 controversiis
589 1586 760 1666 loquimur,
778 1584 819 1658 ¹&
846 1587 876 1644 iu
899 1583 944 1642 his

253 1664 340 1727 rebus
350 1668 412 1725 vim
425 1668 628 1739 nominamus,
642 1667 790 1745 pertenuis
800 1666 845 1723 vis
856 1664 944 1723 intel·

254 1744 416 1829 ligidebet.
428 1746 500 1806 Vidi
513 1756 656 1819 armatos,
669 1747 803 1827 quamvis
815 1763 942 1825 paucos3

254 1846 362 1908 magna
379 1828 423 1886 vis
435 1826 493 1888 est:
512 1828 626 1906 decessi
645 1830 728 1888 unius
741 1827 868 1899 hominis
881 1825 944 1885 telo

277 1909 424 1969 erterritus
447 1930 454 1967 ε
476 1907 636 1987 dejedius,
662 1907 857 1988 detrususque·
869 1904 944 1982 sum,

289 2011 325 2050 oc
344 1992 366 2049 si
375 1992 413 2049 ita
432 1988 582 2052 statuetis:
606 2010 666 2049 non
680 1989 772 2049 modo
790 1996 857 2060 n'on
871 1988 945 2061 etit,

256 2093 306 2132 cur
322 2069 491 2154 depugnare
506 2070 654 2155 quisquam
674 2068 813 2151 posthac,
835 2066 946 2151 posses·

255 2155 344 2214 sionis
364 2154 449 2214 causi
464 2200 474 2229 ,
490 2155 561 2215 velit
575 2176 584 2227 ;
598 2151 647 2211 sed
665 2159 705 2212 ne
720 2151 791 2225 illud
803 2149 946 2245 quidem„

255 2235 306 2308 cur
322 2228 493 2317 repugnare.
504 2235 554 2296 Sin
568 2236 749 2299 autemvim·
765 2234 827 2307 sine
843 2231 929 2291 caede·
934 2274 946 2302 ,

254 2318 318 2395 sine
328 2317 531 2377 vulneratione
542 2361 551 2389 ‚
563 2320 624 2376 sine
634 2312 770 2396 sanguine
780 2312 889 2371 nullam
899 2313 947 2370 in-

255 2394 391 2478 telligetis
414 2418 421 2456 :
446 2399 571 2458 statuetis
599 2395 733 2454 homines
758 2391 946 2475 possessionis

256 2473 445 2557 tepidiores,
463 2477 549 2559 qudm
566 2477 634 2537 vitae
652 2473 709 2536 esse
731 2492 884 2556 oportere»

258 2559 261 2564 '
296 2556 413 2617 XVII.
429 2558 497 2640 Age
509 2560 604 2630 verb,
616 2555 653 2615 de
665 2559 695 2616 'vi
704 2571 741 2615 'te
751 2554 843 2636 ipsum
856 2554 949 2615 habe·

256 2637 297 2699 bo
307 2635 435 2717 judicem
450 2683 458 2710 ‚
477 2640 581 2698 AEbuti'
595 2658 601 2694 :
620 2635 763 2716 responde
776 2683 786 2708 ,
797 2639 822 2695 si
833 2636 886 2695 ribi
898 2637 948 2694 vi-

256 2719 351 2791 detur.
362 2719 394 2780 ln
404 2721 526 2781 fundum
544 2719 661 2781 Caecina
670 2721 765 2777 utritrn'
776 2716 871 2777 r‘to'luit
880 2733 950 2794 tan-

257 2797 349 2873 dem,
371 2826 406 2862 an
421 2813 482 2864 no'n
503 2805 597 2883 potuit
621 2794 788 2861 accedere?
805 2817 897 2878 quum
916 2805 959 2858 tev

256 2882 413 2961 obstitisse,
431 2887 464 2949 dc
482 2876 733 2967 repudiaffe¹dicis
749 2923 759 2954 ‚
773 2879 854 2943 certe
870 2878 961 2939 huuc:
