2550 4175
301 252 447 323 ,ΝΡ-κο
474 253 599 323 Leon
624 254 862 323 Mumm-
897 271 977 347 497
1014 336 1017 341 .

296 366 368 438 sidia
383 368 516 448 periculis
531 414 541 442 ,
558 386 606 428 aut
630 365 799 446 adjumenta
815 368 978 429 honoribus

295 467 420 527 quaeram
439 468 446 507 :
464 467 621 530 propterea
637 449 718 530 quod
733 448 860 530 pericula
872 447 976 524 facile,

294 544 327 585 ut
340 527 490 589 hominem
502 528 632 610 praestare
648 546 792 610 oportet,
809 529 979 590 innocentii

294 607 362 668 tesli
379 610 555 690 repellemus
576 631 583 669 τ
605 610 734 671 honores
757 625 854 670 autem
880 631 978 692 neque

294 688 332 748 ab
348 709 408 749 uno
423 735 432 762 ,
450 711 545 771 neque
561 711 597 751 ex
614 692 672 751 hoc
690 690 758 751 loco
774 735 784 763 ‚
801 689 850 751 sed
872 692 976 752 eadem

294 766 391 829 nostrai
411 769 460 829 illa
475 771 700 831 laboriosissimis
719 773 830 831 ratione
848 773 916 832 vitae
930 817 939 846 ‚
955 774 979 831 si

294 848 389 913 vestra
403 851 539 911 voluntas
554 851 651 927 seret,
668 851 885 931 consequemur.
1074 916 1076 921 ,

334 949 385 1004 71.
395 930 621 1010 Quamobrem,
636 932 776 1015 quidquid
786 934 816 992 in
826 932 879 992 hac
892 930 975 993 causa

294 1011 364 1070 mihi
373 1010 530 1093 susceptum
541 1011 604 1087 est,
620 1014 770 1095 Quirites,
785 1014 814 1072 id
825 1033 914 1074 omne
928 1033 978 1077 me

293 1091 459 1173 reipublicae
476 1094 562 1153 causi
574 1091 720 1174 suscepisse
736 1093 877 1154 confirmo
890 1111 978 1156 :tan-

294 1187 416 1252 tumque
431 1171 530 1246 abest,
545 1189 577 1232 ut
591 1173 716 1254 aliquam
730 1172 840 1232 bonam
855 1178 977 1255 gratiam

294 1251 367 1312 mihi
385 1251 512 1333 quaesisl'e
527 1253 649 1327 videar,
664 1270 696 1312 ur
714 1252 818 1311 multas
836 1258 923 1315 etiam
940 1258 980 1314 si·

293 1332 430 1395 multates
445 1334 549 1415 partim
570 1332 722 1407 obscuras,
738 1336 841 1413 partim
865 1349 978 1413 apertas

250 1465 253 1470 .
294 1414 475 1495 intelligam,
497 1414 566 1473 mihi
589 1432 651 1472 non
672 1411 867 1486 neceslarias‚
890 1414 977 1473 vobis

294 1514 357 1554 uon
374 1494 509 1566 inutiles,
524 1492 669 1576 suscepisse
687 1516 694 1553 r
711 1494 758 1554 sed
779 1514 836 1575 ego
856 1514 904 1553 me
918 1493 977 1553 hoc

293 1574 409 1636 honore
422 1576 594 1657 praeditum,
613 1577 699 1635 tantis
713 1573 812 1637 vestris
830 1572 978 1635 beneficiis

295 1652 451 1729 affean,
473 1654 578 1728 statui,
600 1656 755 1736 Quirites,
775 1652 898 1715 vestram
918 1676 979 1717 vo-

295 1733 459 1809 luntatem,
484 1737 699 1815 &reipublicae
722 1737 919 1818 dignitatem,
943 1736 977 1799 &

295 1815 416 1880 salutem
447 1816 662 1895 provinciarum
692 1832 778 1896 atque
803 1815 979 1891 sociorum,

296 1898 369 1957 meis
398 1894 532 1954 omuibus
563 1896 727 1958 commodis
757 1895 791 1959 &
819 1896 979 1959 rationibus

295 1973 431 2061 praeferre
444 1988 596 2055 oportere.
