2550 4175
995 557 1001 652 i

272 693 325 785 56
407 694 493 760 'lx
527 692 787 758 Vxxxxx·
837 691 842 702 '
996 677 1002 766 l

273 823 375 865 eantur
394 823 401 863 ε
420 806 474 884 ipsi
492 806 622 884 accipere
637 804 797 876 decumas,
811 802 846 863 &
863 823 967 866 nume*
997 815 1001 874 ξ

273 905 336 947 rare
353 884 493 948 Valentio
515 901 659 966 coguntur
678 884 750 944 lucri
773 881 866 946 H·S
894 903 966 945 xxx
999 913 1001 972 ᾗ

273 965 370 1026 millia.
397 963 451 1024 Per
476 964 548 1026 deos
568 962 771 1026 immortales!
793 980 899 1025 utrum
918 967 968 1025 tibi
999 995 1005 1006 ·

273 1045 366 1106 sumes
386 1044 424 1105 ad
443 1043 677 1106 defensionem?
695 1043 819 1104 tantdne
846 1047 968 1106 minoris

274 1143 304 1188 te
330 1126 465 1186 decumas
486 1124 670 1200 vendidiiie,
690 1143 722 1185 ut
750 1126 788 1184 ad
814 1125 968 1186 medimna
999 1125 1003 1180 ἑ

270 1225 322 1268 *nc
334 1250 345 1281 ,
355 1205 425 1267 H-S
436 1224 510 1266 xxx
522 1206 610 1266 millia
625 1205 714 1278 lucri,
728 1202 826 1265 statim
838 1204 890 1266 fue
910 1228 968 1267 vo-
1000 1243 1005 1282 2

275 1287 386 1348 luntate
408 1287 509 1348 civitas
530 1286 671 1359 adderet,
698 1286 755 1346 hoc
779 1282 824 1345 est
844 1331 857 1358 ,
884 1287 969 1347 tritici
1001 1287 1005 1332 7

277 1366 458 1428 medimndm
470 1365 529 1427 duo
540 1364 659 1442 gmillia?
672 1387 731 1440 an,
749 1385 843 1446 quum
860 1387 968 1449 magno
1001 1387 1005 1416 ε

275 1448 413 1509 decumas
428 1445 624 1521 vendidisses,
638 1462 669 1507 te
683 1442 860 1526 expressiss'e
870 1447 909 1507 ab
929 1449 969 1507 in-

276 1529 344 1590 vitis
365 1527 400 1588 Li
422 1528 566 1588 aiensibus
576 1527 650 1587 hanc
662 1524 844 1607 pecuniam?

320 1607 370 1690 85.
391 1549 450 1669 Sped
467 1607 537 1688 quid
560 1628 617 1689 ego
641 1626 676 1666 ex
700 1622 731 1666 te
754 1626 884 1687 quaero,
903 1606 970 1689 quid
1004 1663 1007 1674 ,

280 1687 447 1750 defensurus
463 1692 499 1748 sis
514 1690 629 1769 podiis,
643 1685 729 1767 quim
741 1708 778 1746 co
801 1685 927 1748 noscam
937 1707 971 1748 ex
1004 1747 1007 1758 ,

279 1768 339 1850 ipsa
349 1771 484 1842 civitate,
498 1768 567 1849 quid
583 1764 694 1850 gestum
712 1764 768 1826 sit?
814 1769 895 1828 ecita
913 1766 970 1830 tes-
1004 1761 1010 1814 i

280 1851 436 1910 timonium
451 1849 598 1929 publicum
619 1847 819 1927 Liparensium
826 1881 846 1920 ·,
865 1847 971 1910 deinde

322 1928 531 1990 emadmodum
545 1927 685 1987 Valentio
701 1929 812 1987 nummi
827 1929 889 1988 sint
904 1928 972 1990 dati.

312 2026 531 2070 esnxoxwx
551 2025 755 2080 eumcum,
785 2011 909 2070 uomodo
924 2007 979 2090 svo

283 2089 370 2149 lutum
382 2091 439 2162 sit,
454 2110 489 2147 ex
508 2090 606 2149 litteris
617 2089 748 2168 publicis.
761 2031 905 2151 {tiamne
916 2090 973 2151 hac

282 2185 342 2229 tam
361 2191 450 2250 parva
472 2170 571 2229 civitas
584 2212 595 2240 ,
607 2184 669 2227 tam
684 2167 819 2248 procula
839 2168 973 2231 manibu's

281 2251 361 2323 tuis,
381 2265 498 2332 atquea
515 2248 669 2331 conspediu
689 2264 826 2323 remota,
845 2248 974 2331 sejuiid'a

283 2352 302 2391 a
319 2329 432 2402 Sicilia,
448 2331 479 2390 in
497 2328 586 2394 insula
605 2327 731 2401 inculta,
749 2330 898 2427 tenuique
916 2334 974 2413 po'-

283 2414 357 2484 sita,
370 2411 514 2472 cumulata
532 2410 592 2470 aliis
606 2411 661 2469 tuis
671 2406 831 2488 majoribus
844 2408 974 2491 injuriis,

284 2496 313 2554 in
331 2494 388 2553 hoc
403 2513 462 2572 quo
485 2510 520 2551 ue
537 2489 725 2551 frumentario
740 2509 852 2570 genere
870 2490 974 2573 prada

284 2573 338 2632 tibi
358 2573 390 2631 &
408 2512 525 2652 quaechffl
545 2569 620 2629 fuit?
640 2567 741 2648 Quam
759 2586 792 2628 tu
811 2585 913 2635 totam
928 2574 974 2633 in'·

284 2651 375 2712 sulam
390 2650 504 2710 cuidam
522 2666 637 2709 tuorum
653 2649 813 2723 iodalium,
837 2652 976 2717 sicuuli·

285 2730 368 2812 quod
384 2728 603 2802 munusculum,
619 2729 801 2790 condonatas
825 2750 834 2789 ε
862 2732 902 2793 ab
922 2732 976 2793 hac

286 2814 375 2873 etiam
390 2811 450 2870 haec
469 2810 653 2871 frumentaria
671 2810 769 2883 lucra,
787 2820 977 2895 tamquam¹

286 2892 527 2962 mediterraneis,
544 2890 734 3029 exifebantur
752 2891 764 2953 ἓ
792 2889 908 2973 ltaque·
929 2894 977 2975 qdi

286 2989 333 3033 tot
361 2973 441 3031 annis
462 2970 570 3052 agellos
601 2991 654 3030 uos
672 2986 739 3031 ante
757 2985 787 3029 te
810 2990 977 3051 praetorem

288 3052 432 3114 redimere
449 3072 465 3110 a
477 3053 573 3130 piratis
586 3049 739 3124 solebant,
756 3048 849 3112 iidem
867 3050 979 3137 seipsos

289 3151 350 3196 ate
366 3133 460 3277 §gredo
477 3132 614 3277 imfosito
626 3131 824 3192 redemerunt.
925 3138 927 3143 '

316 3211 358 3291 'X
402 3210 510 3279 XVII
533 3257 539 3271 .
558 3211 641 3296 Quid
658 3230 728 3294 ergo
742 3208 982 3279 amenius
