2550 4175
385 787 437 859 24
549 766 608 835 ln
645 767 874 835 Variana

384 898 452 942 ante
462 877 608 941 Kalendas
619 878 699 941 Sext.
711 878 889 961 Deportaho
899 878 1001 960 igitur.
1013 877 1075 943 tusi

383 960 482 1044 padus
496 963 570 1035 eris,
587 981 649 1021 non
663 959 877 1021 commovebis.
890 957 941 1019 Sic
960 961 1075 1043 depor-

383 1041 465 1101 tandi
473 1041 534 1102 dies
542 1040 695 1122 praestituta
706 1040 810 1101 tollere
816 1039 945 1122 cogebat
952 1060 991 1102 ex
999 1064 1075 1106 area.

382 1120 544 1182 Prohibitio
555 1122 679 1184 tollendi
687 1119 844 1203 nisipaclus
852 1117 1075 1195 effet‚vimad·

384 1202 504 1263 hibehat
517 1202 644 1285 padioni
656 1222 736 1276 ,non
749 1202 949 1262 voluntatem.
1013 1251 1016 1257 .

425 1281 504 1343 XV.
529 1282 595 1345 Jam
611 1283 686 1345 verb
709 1282 780 1341 illud
802 1302 864 1341 non
879 1280 979 1343 solium
1000 1304 1076 1346 con·

383 1380 427 1426 tra
446 1365 542 1446 legem
561 1363 779 1437 Hieronicam,
798 1381 854 1422 nec
879 1361 977 1426 solum
1000 1386 1076 1427 con-

384 1462 430 1506 tra
449 1443 687 1505 consuetudinem
703 1443 882 1525 superiorum
895 1488 905 1518 ‚
918 1441 973 1505 sed
986 1448 1074 1512 eriam

385 1542 490 1586 contra
501 1528 600 1585 omnia
611 1524 675 1604 jura
683 1523 845 1585 Siculorum
857 1567 868 1597 ‚
885 1544 953 1606 quae
965 1524 1075 1594 hahent

385 1628 404 1666 a
423 1604 543 1680 senatu,
562 1605 733 1687 populoque
755 1604 914 1679 Romano,
933 1624 975 1666 ne
994 1623 1075 1678 extra

386 1686 467 1747 suurn
485 1685 582 1749 forum
601 1686 802 1748 vadimonium
820 1687 998 1765 promittere
1025 1708 1075 1749 co«

386 1782 499 1851 gantur.
519 1768 623 1827 Statuit
635 1764 711 1841 iste,
727 1783 759 1827 ut
773 1783 870 1825 arator
885 1765 1074 1843 decumano,

386 1850 447 1932 qul>
464 1847 555 1909 vellet
573 1848 750 1909 decumanus
761 1891 770 1921 ,
783 1846 989 1909 vadimonium
1007 1869 1075 1930 pro·

387 1932 515 1990 mitteret
536 1950 543 1987 :
564 1947 595 1989 ut
612 1930 660 1988 hic
718 1948 794 2009 oque
809 1925 971 2009 Apronio,
985 1950 1074 2011 quum

387 2031 406 2070 a
422 2009 572 2069 Leontinis
585 2007 674 2148 usque
716 2008 855 2090 ilybaeum
871 2008 1004 2090 aliquem
1024 2032 1075 2072 va-

388 2090 617 2163 daretur‚exrn'
632 2090 687 2149 eris
704 2090 863 2149 aratoribus
878 2090 1074 2152 calumniandi

386 2167 507 2252 quastus
519 2170 682 2231 accederet.
699 2168 888 2250 Quamquam
900 2169 951 2229 illa
965 2170 1023 2232 fuir
1041 2170 1074 2233 ad

385 2250 560 2311 calumniam
575 2250 710 2334 singulari
718 2250 839 2311 consilio
850 2267 969 2330 reperta
979 2254 1074 2327 ratio,

409 2331 469 2391 uod
482 2332 629 2406 edixerat,
639 2347 671 2391 ut
684 2347 811 2392 aratores
821 2329 921 2412 jugera
930 2329 1075 2394 sationum

387 2353 501 2474 luarum
524 2410 740 2494 profiterentur.
763 2410 841 2491 Quae
860 2430 905 2471 res
926 2433 1023 2492 quum
1041 2412 1074 2474 ad

412 2493 538 2554 afflones
560 2495 749 2573 iniquissimas
771 2510 907 2572 magnam
931 2495 1001 2553 vim
1027 2494 1075 2555 ha·

388 2516 473 2645 luit,
485 2570 741 2642 demoliendam,
753 2589 848 2649 neque
864 2569 902 2628 ad
916 2571 1012 2633 ullam
1025 2577 1075 2635 uti·

388 2655 502 2713 litatem
512 2650 676 2731 reipublicae
693 2648 830 2731 pertinuit
843 2669 850 2706 :
863 2667 926 2708 turn
942 2655 1024 2714 vero
1042 2653 1074 2715 ad

390 2733 545 2793 calumnias
553 2775 563 2804 ‚
572 2733 603 2790 in
611 2752 683 2812 quas
697 2749 800 2791 omnes
806 2729 967 2791 inciderent
976 2778 990 2805 ,
1001 2756 1075 2819 quos

388 2813 481 2876 vellet
493 2810 652 2892 Apronius.

432 2911 481 2973 39.
491 2891 536 2952 Ut
553 2893 632 2952 enim
642 2891 759 2974 quisque
776 2907 878 2953 contra
885 2890 1073 2957 voluntatem

390 2972 454 3055 ejus
469 2973 602 3048 dixerat,
618 2976 658 3034 ita
669 2977 700 3033 in
714 2994 781 3034 eum
794 2970 933 3052 judicium
945 2972 985 3035 de
1002 2997 1075 3058 pro·

390 3055 518 3116 sessione
538 3051 672 3136 jugerum
692 3052 911 3136 postulabatur:
928 3052 1012 3133 cujus
1033 3054 1076 3135 ju·

386 3136 457 3195 dicii
476 3150 558 3196 metu
582 3156 703 3218 magnus
718 3157 736 3194 a
751 3134 848 3195 multis
862 3133 1004 3196 frumenti
1021 3156 1076 3197 nu·

390 3236 487 3276 merus
503 3215 635 3291 ablatus,
650 3234 820 3297 magnaque
839 3216 970 3295 pecuniae
988 3236 1076 3278 coac·

391 3314 430 3365 rae
440 3295 518 3359 sunt:
533 3317 594 3359 non
605 3297 664 3380 qui>
682 3294 814 3379 jugerum
833 3315 988 3357 numerum
1001 3297 1074 3438 ¹pere·

943 3398 999 3458 pro
1023 3395 1076 3440 ten

1099 3564 1103 3653 ι

1099 3658 1104 3719 ι

1100 3722 1109 3809 ἰ
