2550 4175
376 378 655 445 Acts-oms
679 371 730 444 II.
759 368 893 445 um.
950 393 972 469 3

294 489 424 563 dehent,
451 509 512 549 non
525 486 621 554 solum
641 488 712 572 quid
733 491 829 550 oneris
844 490 873 550 in
898 512 977 571 prae·

294 572 386 632 sentia
406 568 510 630 tollant
521 613 531 643 ‚
543 568 594 631 sed
607 572 696 631 etiam
712 586 850 650 quantum
860 572 892 631 in
911 592 978 631 om·

296 672 367 711 nem
397 651 488 712 vitam
515 653 625 791 nffiotii
657 649 798 732 suscipere
825 668 979 713 conentur.

297 730 411 813 Legem
428 732 506 794 enim
525 732 545 789 s'
568 734 578 790 i
596 732 652 812 ipsi
671 732 767 794 dicunt
783 733 980 806 innocentie,

296 813 505 883 continentiae,
524 814 719 893 virtutumque
746 813 906 886 omniunt,
929 816 980 893 qui

294 894 334 952 -ab
353 892 445 953 altero
462 893 603 952 rationem
615 896 683 955 vitae
698 892 853 973 reposcunt
867 914 874 952 :
887 907 980 974 tatqu‘e

297 973 336 1040 εὸ
356 976 472 1055 magis,
490 974 516 1032 si
536 972 570 1032 td
589 1018 599 1048 ‚
617 990 654 1033 ‚ut
675 974 741 1035 autb
763 973 821 1034 dixi
839 1018 850 1047 ,
870 972 981 1052 faciunt

296 1053 376 1115 nullu
386 1075 417 1115 re
437 1056 579 1116 commoti
592 1053 671 1128 aliu,
691 1054 745 1114 nisi
760 1054 882 1115 utilitate
901 1076 983 1115 com·

296 1137 389 1195 muni.

342 1236 370 1275 2.
386 1214 463 1275 Nam
483 1214 532 1297 qui
550 1215 605 1274 sihi
629 1211 687 1278 hoc
709 1211 851 1296 sumpsit,
868 1230 901 1276 ut
914 1236 983 1276 cot·

298 1298 372 1377 rigat
388 1316 485 1370 mones
515 1294 661 1369 aliorum,
682 1318 716 1356 ac
739 1312 859 1376 peccata
880 1316 984 1376 repre·

298 1376 431 1449 hendat,
456 1376 518 1456 quis
536 1376 601 1437 huic
625 1379 634 1437 i
657 1376 776 1449 noscat,
790 1378 812 1434 si
832 1373 933 1456 quain
949 1396 983 1437 re

299 1454 360 1535 ipse
381 1456 419 1515 ab
437 1456 579 1535 religione
603 1397 692 1515 officii
711 1456 880 1515 declinarit?
899 1455 985 1546 Qua·

300 1554 423 1617 propter
431 1535 489 1595 hoc
499 1538 588 1596 etiam
602 1536 740 1618 magisab
759 1536 892 1599 omnibus
907 1537 985 1617 ejus·

299 1618 383 1677 modi
401 1619 473 1677 civis
493 1614 674 1688 laudandus,
690 1640 723 1678 ac
744 1616 906 1699 diligendus
920 1616 985 1694 est,

300 1700 350 1780 qui
368 1718 428 1757 non
439 1696 531 1757 solutu
548 1700 585 1758 ab
597 1697 745 1779 republica
756 1701 856 1760 nivem
871 1702 986 1781 impro-

299 1778 370 1839 bum
389 1795 555 1855 temovet,
583 1782 687 1840 vetum
718 1780 810 1849 etiam
834 1779 863 1840 se
890 1778 985 1861 ipsunt

300 1856 443 1937 ejusmodi
470 1858 534 1919 fore
556 1858 728 1940 profitetur,
744 1882 779 1920 ac
801 1858 934 1941 ptaestat‚
952 1877 985 1921 ut

300 1942 356 2002 sthi
374 1962 435 1999 non
452 1941 545 1998 modb
562 1943 711 2000 communi
729 1940 881 2019 voluntante
895 1943 987 2001 virtu-

300 2021 363 2090 tis,
388 2035 473 2100 atque
492 2016 605 2094 officii,
629 2018 679 2078 sed
699 2022 788 2078 etiam
807 2038 837 2079 ut
861 2020 987 2102 quadam

302 2101 394 2182 magis
411 2097 563 2161 necessarii
578 2102 691 2160 ratione
707 2100 784 2162 τοᾶὲ
802 2103 838 2161 sit
851 2100 986 2164 honest&-

302 2201 361 2263 que
382 2179 551 2242 vivendum.

346 2279 372 2341 3.
385 2259 487 2343 Itaque
497 2261 555 2322 hoc
569 2305 579 2337 ,
592 2260 732 2337 ludices,
746 2283 782 2324 ex
794 2263 914 2324 homine
924 2264 986 2323 cla-

301 2343 439 2416 rissimo,
455 2359 544 2422 atque
562 2343 821 2423 eloquentissimo,
841 2343 873 2403 L.
898 2342 986 2404 Cras-

302 2421 334 2484 so
346 2468 357 2498 ‚
372 2422 448 2503 saepe
460 2424 591 2483 auditum
610 2423 671 2497 est,
688 2447 776 2505 quum
787 2424 816 2483 se
829 2423 931 2482 nullius
943 2427 985 2484 rei

303 2521 364 2564 tam
379 2506 522 2585 poenitere
534 2504 661 2578 diceret,
675 2506 762 2584 quum
773 2504 852 2585 qubd
867 2502 904 2564 C.
915 2502 987 2564 Cat·

303 2586 416 2646 bouem
435 2605 571 2666 umquam
589 2588 620 2644 in
638 2583 777 2665 judicium
799 2583 957 2646 vocavisset
977 2608 985 2643 ;

305 2667 400 2727 minus
420 2669 499 2726 enim
523 2666 626 2726 liberas
650 2669 781 2726 omnium
802 2686 896 2726 rerum
927 2687 987 2725 vo-

304 2745 427 2807 luntates
437 2747 563 2807 habebat
574 2768 584 2819 3
596 2748 628 2808 &
644 2750 733 2808 vitam
751 2747 828 2806 suam
843 2747 987 2826 pluribus,

306 2826 395 2907 quam
409 2826 500 2888 vellet
518 2873 527 2900 ‚
547 2826 694 2888 observari
723 2829 813 2888 oculis
831 2828 987 2886 arbitraba-

355 2945 366 2981 ·.
382 2905 480 2987 Atque
496 2908 546 2968 ille
561 2908 603 2968 his
618 2909 758 2990 ptaesidiis
774 2912 904 2989 ingenii,
925 2908 989 2968 for·

806 2989 835 3047 A
848 2989 866 3062 ij
