2550 4175
371 329 628 402 Acrtoms
655 334 706 404 ΙΙ.
742 334 780 404 L.
809 339 851 408 V.
905 355 980 433 335

292 441 479 525 remigesque
498 443 629 506 dimisisse
651 467 740 529 arguo
763 468 771 509 ε
793 449 852 510 hoc
878 471 984 512 navat·

299 524 348 583 chi
374 524 475 605 reliqui
502 524 600 586 dicunt
618 525 701 587 :hoc
724 528 898 591 Netinorum
924 533 985 593 foe·

293 603 401 665 derata
420 606 520 665 civitas
542 606 658 687 publice
679 607 748 668 dicit
768 629 775 668 ε
795 611 852 672 hoc
874 612 986 674 Herbi·

297 682 411 759 tenses,
433 684 491 745 hoc
510 685 719 761 Amestratini,
738 689 794 748 hoc
811 689 983 768 Ennenses‚

298 764 357 826 hoc
370 763 589 850 Agyrinenses,
602 764 797 848 Tyndaritani
812 772 924 851 publice
935 774 983 833 di·

298 861 369 906 cunt
389 866 396 905 :
418 864 482 906 tuus
502 846 626 930 denique
646 846 743 923 testis,
770 864 834 910 tuus
852 853 982 931 impera·

299 942 377 999 tor,
400 942 464 986 tuus
482 926 587 1010 hospes
612 926 792 990 Cleomenes
815 929 872 991 hoc
893 932 983 1008 dicit,

297 1005 358 1069 sese
378 1010 409 1067 in
425 1023 532 1069 terram
547 1007 603 1071 elle
621 1029 637 1071 e
674 1008 787 1083 ellum,
812 1014 852 1071 uti
870 1010 985 1093 Pachy-

293 1108 363 1163 no,
384 1108 401 1150 e
417 1087 540 1151 terrestri
557 1093 639 1173 praesi
662 1092 713 1167 io,
734 1092 838 1153 milites
857 1093 983 1178 collige·

299 1183 367 1243 ret,
391 1190 465 1252 quos
487 1173 518 1231 in
544 1171 665 1234 navibus
689 1172 848 1234 collocaret
870 1194 877 1233 :
899 1174 982 1256 quod

301 1250 380 1311 certe
396 1271 457 1311 non
472 1248 604 1324 feciffet,
618 1254 642 1314 si
656 1251 736 1313 suum
754 1274 908 1315 numerum
926 1275 984 1315 na·

300 1348 355 1392 ves
368 1329 508 1392 haberent
526 1352 533 1391 :
552 1351 587 1393 ea
605 1332 646 1393 est
653 1336 734 1394 enim
746 1338 819 1395 ratio
831 1332 983 1395 instructa-

300 1430 365 1470 rum
378 1455 388 1486 ,
403 1428 625 1493 ornatarumque
641 1416 780 1488 navium,
793 1431 825 1475 ut
839 1436 900 1476 non
916 1436 986 1476 mo·

302 1490 343 1552 db
358 1492 476 1572 plures,
496 1491 547 1553 sed
565 1512 602 1553 ne
622 1492 726 1576 singuli
741 1494 983 1577 quidempossint

300 1572 451 1634 accedere.

281 1692 283 1697 ,
346 1670 414 1733 ¹34·
426 1652 505 1715 Dico
516 1669 656 1736 praeterea
666 1698 675 1728 ,
687 1652 752 1715 illos
767 1652 843 1735 ipsos
857 1655 986 1737 reliquos

301 1750 401 1794 nautas
415 1732 491 1795 fame
505 1779 515 1809 ‚
531 1752 617 1817 atque
627 1735 729 1817 inopilt
746 1754 842 1795 rerum
853 1740 987 1799 omnium

302 1813 452 1876 confedos
471 1814 574 1888 suille,
593 1836 626 1875 ac
647 1816 777 1895 perditos
796 1837 804 1876 ε
824 1815 913 1889 dico,
935 1832 985 1877 aut

302 1914 407 1955 omnes
432 1909 513 1953 extra
535 1892 652 1972 culpam
672 1892 752 1953 fuill'e
771 1913 781 1965 ;
798 1911 872 1966 aut,
891 1896 916 1953 si
934 1897 985 1955 uni

301 1972 484 2035 attribuenda
513 1970 685 2051 culpant,
712 1974 742 2029 in
762 1991 800 2030 eo
828 1974 987 2034 maximam

301 2052 384 2116 fuiffe
394 2098 404 2127 ‚
415 2053 464 2133 qui
477 2052 620 2132 optimam
630 2068 735 2111 navem
746 2094 755 2123 ,
766 2048 906 2130 plurimos
915 2070 989 2111 nau·

301 2152 346 2195 tas
357 2129 649 2205 haberet‚summum
658 2130 813 2211 imperium
822 2130 989 2205 obtineret;

293 2230 371 2288 aut,
389 2216 413 2275 si
429 2231 533 2273 omnes
545 2213 575 2270 in
590 2209 674 2291 culpa
684 2209 811 2281 fuerint,
826 2229 887 2269 non
897 2231 990 2290 opor·

302 2293 383 2357 tuille
408 2292 605 2356 Cleomenem
635 2287 768 2351 constitui
793 2288 988 2370 spedatorem

302 2377 419 2438 illorum
446 2376 577 2446 mortis,
604 2387 691 2452 atque
723 2370 890 2430 cruciariis:
919 2369 989 2433 dico

303 2459 391 2519 etiam
406 2502 416 2531 ,
433 2457 463 2516 in
478 2454 529 2516 illo
549 2452 690 2535 supplicio
708 2451 875 2513 mercedem
894 2449 990 2532 lacry-

304 2530 923 2614 marum‚mercedemvulneris‚atquepla
944 2554 989 2607 ae,

299 2616 475 2678 mercedem
491 2616 618 2689 funeris,
635 2635 668 2675 ac
685 2612 837 2695 sepulturae
858 2632 913 2672 con
939 2613 990 2675 ‘tui
1085 2612 1088 2619 ’

306 2695 388 2759 nefas
400 2693 489 2755 fuill'e.

351 2792 417 2854 135.
433 2775 623 2857 Quapropter
634 2774 658 2832 si
667 2772 736 2832 mihi
745 2768 920 2850 respondere
930 2782 990 2832 voi

305 2858 371 2934 les,
384 2856 445 2917 haec
461 2853 549 2918 dicito
562 2877 570 2917 z
583 2851 698 2916 clallem
707 2849 989 2934 unstradam-atque
