2550 4175
388 374 640 445 Acrtourn
665 370 713 443 ΙΙ.
737 374 841 446 LV.
897 390 975 470 275

315 506 439 554 atereurr
448 511 521 551 uxor
530 489 701 554 Cleomenis
716 489 905 571 Syracusani,
916 514 978 554 no·

290 513 357 632 iuis
369 572 471 634 mulier
482 572 632 654 ‚itemque
644 563 818 632 AEschrionis
828 616 839 644 ‚
851 571 976 644 honesto

292 652 363 716 Ioco
379 670 465 726 nata,
481 654 511 712 in
533 669 714 714 conventum
726 651 806 712 suum
827 653 908 713 mimi
921 651 977 713 Isi-

294 731 360 794 dori
376 730 464 794 filiam
483 732 616 795 veniss'e:
639 731 690 792 iste
708 750 806 793 autem
824 732 979 809 Annibal,

293 814 344 895 qui
360 815 391 874 'tu
411 811 465 874 suis
482 812 575 874 castris
598 814 705 875 vittute
728 830 842 894 putatet
858 832 979 895 oporte-

293 914 349 968 re,
368 914 429 954 nou
446 915 553 976 genere
568 896 670 955 certari
681 938 691 970 ,
701 895 740 954 sic
758 895 832 953 hanc
846 892 977 956 Tertiam

294 973 419 1048 dilexit,
435 992 467 1035 nt
492 996 558 1036 eam
576 974 675 1036 seeunt
693 995 730 1036 ea
747 977 898 1056 provincia
922 976 977 1038 de·

242 1073 245 1078 ·
293 1070 435 1138 portaret.
962 1095 964 1100 -

335 1133 434 1194 XIII.
453 1131 499 1195 Ac
511 1154 564 1216 per
579 1153 632 1198 eos
649 1135 709 1198 dies
722 1181 732 1210 ‚
745 1156 832 1218 quum
846 1133 896 1197 iste
910 1155 977 1198 cum

294 1214 384 1296 pallio
403 1235 572 1296 purpureo,
589 1215 629 1276 tal
662 1217 668 1231 '
710 1217 835 1276 etunicai
853 1217 980 1287 versare·

294 1297 381 1362 ‚turin
391 1296 533 1358 conviviis
549 1296 657 1356 mulieb
674 1299 680 1312 '
704 1317 757 1370 us,
774 1317 835 1355 non
848 1295 979 1359 offende-

295 1375 399 1438 bantur
411 1376 546 1437 homines
560 1378 590 1435 in
609 1396 670 1450 eo;
687 1396 782 1457 neque
797 1376 918 1437 moleste
933 1376 979 1438 fe·

295 1455 423 1531 rebant,
441 1453 536 1518 abess'e
552 1478 570 1515 a
586 1454 654 1516 foro
678 1454 894 1538 magistratum,
917 1477 976 1528 nou

296 1531 343 1617 jus
369 1537 446 1612 dici,
470 1559 531 1597 non
550 1533 657 1616 judicia
673 1533 738 1596 fieri
756 1557 763 1595 :
781 1536 879 1597 locum
898 1537 977 1599 illum

297 1618 402 1678 littoris
420 1638 593 1700 percrepare
616 1634 711 1678 totum
726 1616 879 1678 mulierum
896 1620 978 1680 vocI·

298 1698 375 1774 bus,
388 1716 531 1781 cantuque
547 1697 729 1781 symphonia
743 1719 751 1758 ι
765 1700 796 1760 in
813 1696 879 1759 foro
893 1699 979 1760 silen-

298 1781 370 1840 tium
389 1778 445 1841 effe
459 1777 600 1840 summunt
611 1777 775 1853 causarum,
790 1797 876 1860 atque
891 1778 977 1859 juris:

295 1880 361 1926 non
372 1858 505 1920 ferebant
519 1860 652 1920 homines
663 1858 787 1924 ‚molesti
802 1880 809 1918 :
828 1881 888 1920 non
903 1863 979 1921 enim

295 1939 345 2021 jus
355 1937 447 2000 abeIIe
458 1938 634 1999 videbatura
647 1937 713 1998 foro
726 1982 735 2010 ,
748 1957 843 2017 neque
856 1937 980 2016 judium,

298 2017 351 2080 sed
359 2020 404 2078 via
414 2062 425 2093 ‚
435 2018 467 2078 &
476 2017 645 2090 crudelitas,
656 2017 688 2077 &
697 2017 843 2078 honorum
858 2020 981 2093 acerba,

301 2098 516 2180 atque-indigna
532 2098 669 2178 direptio.

346 2196 393 2257 32.
423 2178 510 2239 Hunc
532 2194 563 2237 tu
586 2180 673 2260 igitur
694 2178 900 2260 imperatorem
926 2177 981 2243 effe

302 2258 458 2333 defendis,
473 2257 634 2320 Hortensi?
648 2255 732 2333 hujus
750 2257 841 2333 furta,
850 2261 982 2399 rapinas,

302 2340 489 2421 cupiditatem
508 2385 522 2413 ,
543 2339 768 2412 crudelitatem,
798 2337 880 2420 super
902 2343 982 2414 iam,

301 2420 413 2495 scelus,
431 2420 600 2495 audaciam,
614 2417 862 2501 rerumgestarum
876 2423 984 2502 magni·

301 2502 526 2582 tudine·‚atque
540 2502 722 2582 imperatoris
738 2498 868 2559 laudibus
884 2519 983 2582 tegere

305 2584 417 2642 conatis
430 2585 442 2646 ἓ
460 2582 517 2643 Hic
528 2581 633 2643 scilicet
646 2579 687 2642 est
702 2581 890 2642 metuendum
903 2626 912 2654 ,
927 2602 983 2653 ne,

305 2662 341 2723 ad
360 2666 468 2723 exitum
482 2660 744 2736 defensionum,
757 2680 841 2723 vetus
858 2662 905 2721 illa
921 2662 984 2720 An-

305 2745 426 2802 toniana·
434 2743 549 2804 dicendi
558 2747 630 2801 ratio
639 2759 749 2821 ,atque
757 2742 907 2802 audoritas
920 2764 986 2822 pro-

307 2818 413 2881 feratur
427 2842 484 2882 :ne
502 2825 642 2883 excitetur
658 2820 787 2894 Verres,
805 2842 841 2881 ne
859 2823 986 2882 denude-

308 2913 356 2975 tur
371 2921 393 2960 a
405 2899 547 2981 pedore,
563 2922 601 2964 ne
618 2901 765 2964 citatrices
781 2903 905 3041 pplpuius
926 2903 991 2961 Ro-

841 3005 869 3061 v]
