2550 4175
377 408 635 476 Acr'lorrrs
668 405 715 473 ΙΙ.
738 407 776 477 L.
806 409 868 479 IV.
906 428 981 505 235

299 537 365 586 urat
385 524 420 585 ei
436 522 545 604 pitina
557 523 681 583 nobilius
700 545 707 583 :
726 522 794 583 nihil
812 522 983 606 Syracusis,

270 695 275 702 Ι
298 602 450 745 liffeim.
462 603 642 744 isvinsendum
656 621 804 701 putaretur
819 607 892 745 τῚῙΙιες
902 608 986 748 cffu-

392 728 401 743 .
448 705 514 744 arce
537 706 591 757 us,
651 705 833 746 umomnrar
856 710 916 747 avr
945 710 983 750 o-

299 764 342 825 rit
363 764 412 824 sui
433 763 556 846 profana
574 705 707 839 feciiieu
722 783 821 825 tamen
844 767 984 850 religione

299 844 457 925 impeditus
467 866 528 905 uon
541 848 653 927 attigit:
664 845 715 907 iste
725 892 735 921 ,
745 867 834 928 quum
846 848 892 907 illa
903 869 961 927 jam
971 893 984 922 ,

299 943 424 1007 propter
436 925 597 986 diuturnam
611 946 737 1007 pacem,
755 925 984 1010 fidelitatemque

299 1006 406 1088 populi
417 1003 584 1087 Syracusani
598 1039 610 1080 ‚-
627 1005 706 1067 sacra
716 1052 725 1081 ,
735 1006 923 1090 religiosaque
934 1027 986 1069 ac·

301 1083 453 1167 cepiss'et,'
465 1106 568 1148 omnes
586 1107 634 1147 eas
657 1089 768 1149 tabulas
785 1087 915 1149 abstulit:
931 1110 985 1172 pa·

299 1168 407 1240 rietes,
424 1187 549 1249 quorum
567 1184 684 1228 ornatus
700 1185 746 1229 tot
762 1168 854 1230 secula
870 1169 986 1231 manse·

300 1263 368 1321 rat,
383 1264 428 1309 tot
444 1247 522 1308 bella
533 1246 693 1330 effugerat,
707 1248 824 1321 nudos,
839 1270 872 1311 ac
881 1249 985 1312 defor-

300 1344 398 1389 matos
414 1328 537 1411 reliquit.

294 1439 298 1448 ·
348 1427 384 1468 12
407 1451 416 1468 .
437 1407 475 1469 Et
498 1408 676 1483 Marcellus,
739 1408 773 1482 ⁶,
793 1409 817 1467 si
835 1408 989 1491 Syracusas

302 1489 368 1571 αρ’
391 1505 441 1565 ct,
457 1490 518 1552 duo
534 1489 645 1571 templa
667 1429 821 1550 sessomae
835 1489 988 1551 dedicatu-

302 1591 367 1631 rum
377 1587 524 1647 voverat,
538 1571 568 1631 id
579 1616 589 1645 ‚
600 1570 683 1652 quod
699 1586 760 1631 erat
776 1567 989 1645 aedificaturus,

302 1651 348 1713 his
367 1652 453 1713 rebus
468 1672 591 1727 ornare,
610 1673 680 1734 quas
706 1668 850 1733 ceperat,
867 1652 986 1713 noluit:

292 1729 433 1808 ¹Verres,
446 1736 494 1814 qui
509 1755 571 1794 non
589 1733 708 1795 Honori
721 1777 732 1806 ,
747 1752 843 1813 neque
856 1734 987 1808 Virtuti,

302 1824 336 1871 ut
360 1810 435 1885 ille,
459 1813 510 1874 sed
534 1813 666 1886 Veneri,
690 1812 723 1877 &
749 1809 889 1893 Cupidini
915 1830 990 1875 vota

303 1891 491 1966 deberet‚is
519 1891 662 1951 Minervae
693 1892 837 1971 ternplum
864 1890 882 1950 s
898 1894 989 1954 oliare

303 1990 427 2034 conatus
443 1968 485 2030 est
499 1992 508 2029 .·
524 1969 573 2030 ille
590 1969 663 2029 deos
680 1968 803 2028 deorum
820 1914 917 2050 spoiiis
937 1992 990 2032 or-

302 2072 376 2115 nare
389 2050 481 2113 noluit
494 2069 504 2123 ;
522 2049 569 2111 hic
588 2063 758 2111 ornamenta
772 2047 915 2111 Minervae
927 2054 992 2112 vir·

303 2133 379 2276 §nris
411 2132 440 2191 in
469 2130 664 2192 meretriciam
688 2129 809 2191 domum
839 2129 990 2194 transtulit.

306 2210 762 2377 cssisssssstssiiffssss‘ssssiffi
776 2208 991 2354 manif}

305 2378 336 2439 in
354 2375 456 2458 quibus
482 2389 565 2435 erant
588 2375 727 2458 imagines
747 2369 849 2432 Siciirae
866 2394 990 2456 regum,

307 2476 342 2517 ac
357 2475 369 2515 t
425 2474 571 2528 nnorurn,
590 2471 654 2535 quae
663 2474 725 2514 non
738 2450 832 2513 solum
847 2454 990 2535 pictorum

307 2539 360 2597 arti
383 2540 429 2598 cio
448 2534 656 2608 deleciabant,
675 2532 725 2595 sed
748 2536 834 2596 etiam
855 2555 990 2597 comme-

306 2620 471 2682 moratione
489 2616 666 2691 hominum,
685 2616 717 2676 &
737 2617 904 2698 cognitione
927 2615 990 2677 for·

307 2719 430 2760 marum.
452 2696 499 2758 Ac
522 2696 621 2758 videre
638 2742 652 2768 ,
698 2698 785 2756 uantb
811 2700 914 2758 tetrior
943 2698 990 2757 hic

308 2795 448 2858 tyrannus
466 2776 659 2859 Syracusanus
713 2777 791 2845 crit,
814 2777 901 2857 quim
918 2777 990 2857 quis-

311 2877 398 2939 quam
420 2857 621 2937 superiorum
646 2877 735 2938 quum
756 2855 797 2915 illi
816 2870 915 2918 tamen
936 2879 989 2916 or-

309 2940 406 3002 narint
426 2938 535 3022 tempii
554 2938 678 3002 deorum
695 2937 924 3024 immortalium
945 2937 991 2997 hic
