<?xml version="1.0" encoding="UTF-8"?>
<!DOCTYPE html PUBLIC "-//W3C//DTD XHTML 1.0 Transitional//EN"
    "http://www.w3.org/TR/xhtml1/DTD/xhtml1-transitional.dtd">
<html xmlns="http://www.w3.org/1999/xhtml" xml:lang="en" lang="en">
 <head>
  <title>
</title>
<meta http-equiv="Content-Type" content="text/html;charset=utf-8" />
  <meta name='ocr-system' content='tesseract 3.04.00' />
  <meta name='ocr-capabilities' content='ocr_page ocr_carea ocr_par ocr_line ocrx_word'/>
</head>
<body>
  <div class='ocr_page' id='page_1' title='image "./mtulliiciceroni05lallgoog_0110.png"; bbox 0 0 2550 4175; ppageno 0'>
   <div class='ocr_carea' id='block_1_1' title="bbox 278 418 765 487">
    <p class='ocr_par' dir='ltr' id='par_1_1' title="bbox 278 418 765 487">
     <span class='ocr_line' id='line_1_1' title="bbox 278 418 765 487; baseline -0.014 0"><span class='ocrx_word' id='word_1_1' title='bbox 278 436 349 487; x_wconf 76' lang='lat'>102</span> <span class='ocrx_word' id='word_1_2' title='bbox 448 418 765 482; x_wconf 66' lang='lat' dir='ltr'>torinneio</span> 
     </span>
    </p>
   </div>
   <div class='ocr_carea' id='block_1_2' title="bbox 215 520 983 3083">
    <p class='ocr_par' dir='ltr' id='par_1_2' title="bbox 219 520 967 1497">
     <span class='ocr_line' id='line_1_2' title="bbox 271 520 966 611; baseline -0.012 -20"><span class='ocrx_word' id='word_1_3' title='bbox 271 530 310 591; x_wconf 79' lang='lat' dir='ltr'>ad</span> <span class='ocrx_word' id='word_1_4' title='bbox 326 529 404 588; x_wconf 89' lang='lat' dir='ltr'>illum</span> <span class='ocrx_word' id='word_1_5' title='bbox 416 531 597 608; x_wconf 82' lang='lat' dir='ltr'>potissimirrn</span> <span class='ocrx_word' id='word_1_6' title='bbox 614 529 687 611; x_wconf 79' lang='lat' dir='ltr'>,per</span> <span class='ocrx_word' id='word_1_7' title='bbox 700 531 787 611; x_wconf 86' lang='lat' dir='ltr'>quem</span> <span class='ocrx_word' id='word_1_8' title='bbox 806 520 966 608; x_wconf 58' lang='lat' dir='ltr'>ageb&#39;atisr‘</span> 
     </span>
     <span class='ocr_line' id='line_1_3' title="bbox 272 605 967 692; baseline -0.007 -23"><span class='ocrx_word' id='word_1_9' title='bbox 272 605 429 671; x_wconf 82' lang='lat' dir='ltr'>defluxisse.</span> <span class='ocrx_word' id='word_1_10' title='bbox 446 612 577 685; x_wconf 81' lang='lat' dir='ltr'><em>Scribas,</em></span> <span class='ocrx_word' id='word_1_11' title='bbox 594 612 763 692; x_wconf 77' lang='lat' dir='ltr'><em>apparitores</em></span> <span class='ocrx_word' id='word_1_12' title='bbox 779 626 905 667; x_wconf 76' lang='lat' dir='ltr'>recentes</span> <span class='ocrx_word' id='word_1_13' title='bbox 918 626 967 664; x_wconf 53' lang='grc' dir='ltr'>αν*</span> 
     </span>
     <span class='ocr_line' id='line_1_4' title="bbox 259 686 967 771; baseline -0.01 -18"><span class='ocrx_word' id='word_1_14' title='bbox 259 694 351 771; x_wconf 66' lang='lat' dir='ltr'>sipi:</span> <span class='ocrx_word' id='word_1_15' title='bbox 365 689 423 747; x_wconf 83' lang='lat' dir='ltr'>cuin</span> <span class='ocrx_word' id='word_1_16' title='bbox 442 693 476 749; x_wconf 82' lang='lat' dir='ltr'>L.</span> <span class='ocrx_word' id='word_1_17' title='bbox 497 694 606 755; x_wconf 81' lang='lat' dir='ltr'><em>Vulteio</em></span> <span class='ocrx_word' id='word_1_18' title='bbox 620 736 628 766; x_wconf 93' lang='lat'>,</span> <span class='ocrx_word' id='word_1_19' title='bbox 642 689 688 771; x_wconf 83' lang='lat' dir='ltr'>qrri</span> <span class='ocrx_word' id='word_1_20' title='bbox 694 686 843 771; x_wconf 82' lang='lat' dir='ltr'>piurirrrirrt</span> <span class='ocrx_word' id='word_1_21' title='bbox 854 688 967 768; x_wconf 81' lang='lat' dir='ltr'>potest,</span> 
     </span>
     <span class='ocr_line' id='line_1_5' title="bbox 219 766 964 850; baseline -0.004 -21"><span class='ocrx_word' id='word_1_22' title='bbox 219 834 222 840; x_wconf 61' lang='grc'><strong>,</strong></span> <span class='ocrx_word' id='word_1_23' title='bbox 273 773 366 840; x_wconf 78' lang='lat' dir='ltr'>cede,</span> <span class='ocrx_word' id='word_1_24' title='bbox 385 772 506 830; x_wconf 82' lang='lat' dir='ltr'>concide.</span> <span class='ocrx_word' id='word_1_25' title='bbox 526 772 657 845; x_wconf 88' lang='lat' dir='ltr'>Videte,</span> <span class='ocrx_word' id='word_1_26' title='bbox 670 767 856 850; x_wconf 70' lang='lat' dir='ltr'>quimvalde</span> <span class='ocrx_word' id='word_1_27' title='bbox 873 766 964 826; x_wconf 76' lang='lat' dir='ltr'>mali-⁸</span> 
     </span>
     <span class='ocr_line' id='line_1_6' title="bbox 273 848 966 924; baseline -0.004 -15"><span class='ocrx_word' id='word_1_28' title='bbox 273 852 319 910; x_wconf 81' lang='lat' dir='ltr'>tiae</span> <span class='ocrx_word' id='word_1_29' title='bbox 336 848 391 908; x_wconf 89' lang='lat' dir='ltr'>suae</span> <span class='ocrx_word' id='word_1_30' title='bbox 410 850 538 911; x_wconf 82' lang='lat' dir='ltr'>confidat</span> <span class='ocrx_word' id='word_1_31' title='bbox 558 852 783 924; x_wconf 78' lang='lat' dir='ltr'>Timarchides,</span> <span class='ocrx_word' id='word_1_32' title='bbox 825 850 855 907; x_wconf 89' lang='lat' dir='ltr'>ui</span> <span class='ocrx_word' id='word_1_33' title='bbox 873 848 966 909; x_wconf 80' lang='lat' dir='ltr'>etiarn</span> 
     </span>
     <span class='ocr_line' id='line_1_7' title="bbox 272 868 965 1013; baseline -0.012 -20"><span class='ocrx_word' id='word_1_34' title='bbox 272 931 409 1011; x_wconf 80' lang='lat' dir='ltr'>Apronio</span> <span class='ocrx_word' id='word_1_35' title='bbox 432 932 623 1011; x_wconf 85' lang='lat' dir='ltr'>improbitatis</span> <span class='ocrx_word' id='word_1_36' title='bbox 640 948 784 1013; x_wconf 81' lang='lat' dir='ltr'>praecepta</span> <span class='ocrx_word' id='word_1_37' title='bbox 804 868 873 988; x_wconf 72' lang='lat' dir='ltr'>det.</span> <span class='ocrx_word' id='word_1_38' title='bbox 897 926 965 989; x_wconf 86' lang='lat' dir='ltr'>Jam</span> 
     </span>
     <span class='ocr_line' id='line_1_8' title="bbox 274 1007 964 1087; baseline -0.007 -15"><span class='ocrx_word' id='word_1_39' title='bbox 274 1012 356 1084; x_wconf 89' lang='lat' dir='ltr'>hoc,</span> <span class='ocrx_word' id='word_1_40' title='bbox 373 1012 442 1069; x_wconf 82' lang='lat' dir='ltr'>crede</span> <span class='ocrx_word' id='word_1_41' title='bbox 451 1056 462 1082; x_wconf 90' lang='lat'>,</span> <span class='ocrx_word' id='word_1_42' title='bbox 480 1016 612 1087; x_wconf 78' lang='lat' dir='ltr'>concide,</span> <span class='ocrx_word' id='word_1_43' title='bbox 631 1032 730 1074; x_wconf 85' lang='lat' dir='ltr'>nonne</span> <span class='ocrx_word' id='word_1_44' title='bbox 749 1010 843 1071; x_wconf 85' lang='lat' dir='ltr'>verba</span> <span class='ocrx_word' id='word_1_45' title='bbox 868 1007 964 1068; x_wconf 89' lang='lat' dir='ltr'>domo</span> 
     </span>
     <span class='ocr_line' id='line_1_9' title="bbox 272 1090 963 1173; baseline -0.006 -21"><span class='ocrx_word' id='word_1_46' title='bbox 272 1093 389 1173; x_wconf 83' lang='lat' dir='ltr'>patroni</span> <span class='ocrx_word' id='word_1_47' title='bbox 406 1090 580 1171; x_wconf 71' lang='lat' dir='ltr'>depromere</span> <span class='ocrx_word' id='word_1_48' title='bbox 591 1092 728 1166; x_wconf 85' lang='lat' dir='ltr'>videtur,</span> <span class='ocrx_word' id='word_1_49' title='bbox 745 1090 783 1149; x_wconf 88' lang='lat' dir='ltr'>ad</span> <span class='ocrx_word' id='word_1_50' title='bbox 798 1109 894 1150; x_wconf 89' lang='lat' dir='ltr'>omne</span> <span class='ocrx_word' id='word_1_51' title='bbox 928 1108 963 1148; x_wconf 90' lang='lat' dir='ltr'>e-</span> 
     </span>
     <span class='ocr_line' id='line_1_10' title="bbox 274 1109 964 1253; baseline -0.006 -22"><span class='ocrx_word' id='word_1_52' title='bbox 274 1193 328 1231; x_wconf 84' lang='lat' dir='ltr'>nus</span> <span class='ocrx_word' id='word_1_53' title='bbox 339 1173 472 1253; x_wconf 74' lang='lat' dir='ltr'>nequitiae</span> <span class='ocrx_word' id='word_1_54' title='bbox 484 1172 725 1235; x_wconf 80' lang='lat' dir='ltr'>accommodata?</span> <span class='ocrx_word' id='word_1_55' title='bbox 738 1172 807 1233; x_wconf 91' lang='lat' dir='ltr'>Volo</span> <span class='ocrx_word' id='word_1_56' title='bbox 824 1215 834 1243; x_wconf 93' lang='lat'>,</span> <span class='ocrx_word' id='word_1_57' title='bbox 851 1109 964 1248; x_wconf 52' lang='lat' dir='ltr'>titiira·</span> 
     </span>
     <span class='ocr_line' id='line_1_11' title="bbox 277 1248 964 1331; baseline -0.006 -19"><span class='ocrx_word' id='word_1_58' title='bbox 277 1268 318 1312; x_wconf 84' lang='lat' dir='ltr'>ter</span> <span class='ocrx_word' id='word_1_59' title='bbox 330 1295 341 1322; x_wconf 93' lang='lat'>‚</span> <span class='ocrx_word' id='word_1_60' title='bbox 352 1252 504 1330; x_wconf 72' lang='lat' dir='ltr'>fraterculo</span> <span class='ocrx_word' id='word_1_61' title='bbox 533 1273 578 1315; x_wconf 80' lang='lat' dir='ltr'>neo</span> <span class='ocrx_word' id='word_1_62' title='bbox 604 1256 710 1313; x_wconf 80' lang='lat' dir='ltr'>eredat.</span> <span class='ocrx_word' id='word_1_63' title='bbox 737 1248 879 1312; x_wconf 86' lang='lat' dir='ltr'>Consorti</span> <span class='ocrx_word' id='word_1_64' title='bbox 897 1250 964 1331; x_wconf 76' lang='lat' dir='ltr'>qui·</span> 
     </span>
     <span class='ocr_line' id='line_1_12' title="bbox 275 1329 967 1415; baseline -0.003 -24"><span class='ocrx_word' id='word_1_65' title='bbox 275 1332 347 1392; x_wconf 85' lang='lat' dir='ltr'>dem</span> <span class='ocrx_word' id='word_1_66' title='bbox 360 1335 389 1391; x_wconf 92' lang='lat' dir='ltr'>in</span> <span class='ocrx_word' id='word_1_67' title='bbox 403 1332 486 1393; x_wconf 88' lang='lat' dir='ltr'>luctis</span> <span class='ocrx_word' id='word_1_68' title='bbox 501 1380 509 1407; x_wconf 92' lang='lat'>,</span> <span class='ocrx_word' id='word_1_69' title='bbox 531 1352 617 1415; x_wconf 87' lang='lat' dir='ltr'>atque</span> <span class='ocrx_word' id='word_1_70' title='bbox 628 1334 709 1394; x_wconf 86' lang='lat' dir='ltr'>furtis</span> <span class='ocrx_word' id='word_1_71' title='bbox 722 1377 732 1405; x_wconf 87' lang='lat'>‚</span> <span class='ocrx_word' id='word_1_72' title='bbox 744 1332 864 1414; x_wconf 86' lang='lat' dir='ltr'>gemino</span> <span class='ocrx_word' id='word_1_73' title='bbox 877 1329 913 1390; x_wconf 88' lang='lat'>&amp;</span> <span class='ocrx_word' id='word_1_74' title='bbox 929 1330 967 1389; x_wconf 84' lang='lat' dir='ltr'>si·</span> 
     </span>
     <span class='ocr_line' id='line_1_13' title="bbox 275 1410 939 1497; baseline -0.006 -24"><span class='ocrx_word' id='word_1_75' title='bbox 275 1412 399 1473; x_wconf 88' lang='lat' dir='ltr'>millimo</span> <span class='ocrx_word' id='word_1_76' title='bbox 414 1414 560 1494; x_wconf 56' lang='lat' dir='ltr'>nequitie,</span> <span class='ocrx_word' id='word_1_77' title='bbox 579 1414 785 1497; x_wconf 86' lang='lat' dir='ltr'>improbitate,</span> <span class='ocrx_word' id='word_1_78' title='bbox 802 1410 939 1471; x_wconf 72' lang='lat' dir='ltr'>audacid.</span> 
     </span>
    </p>

    <p class='ocr_par' dir='ltr' id='par_1_3' title="bbox 215 1489 973 2456">
     <span class='ocr_line' id='line_1_14' title="bbox 318 1489 966 1571; baseline -0.005 -19"><span class='ocrx_word' id='word_1_79' title='bbox 318 1492 466 1553; x_wconf 88' lang='lat' dir='ltr'><strong>LXVII.</strong></span> <span class='ocrx_word' id='word_1_80' title='bbox 483 1495 515 1555; x_wconf 81' lang='lat' dir='ltr'>Iri</span> <span class='ocrx_word' id='word_1_81' title='bbox 526 1498 630 1556; x_wconf 80' lang='lat' dir='ltr'>cohorte</span> <span class='ocrx_word' id='word_1_82' title='bbox 638 1515 718 1554; x_wconf 86' lang='lat' dir='ltr'>carus</span> <span class='ocrx_word' id='word_1_83' title='bbox 728 1493 867 1552; x_wconf 77' lang='lat' dir='ltr'>habebere.</span> <span class='ocrx_word' id='word_1_84' title='bbox 880 1489 966 1571; x_wconf 85' lang='lat' dir='ltr'>Quid</span> 
     </span>
     <span class='ocr_line' id='line_1_15' title="bbox 277 1570 966 1657; baseline -0.001 -23"><span class='ocrx_word' id='word_1_85' title='bbox 277 1571 319 1634; x_wconf 85' lang='lat' dir='ltr'>est</span> <span class='ocrx_word' id='word_1_86' title='bbox 336 1573 413 1646; x_wconf 92' lang='lat' dir='ltr'>hoc,</span> <span class='ocrx_word' id='word_1_87' title='bbox 431 1576 460 1632; x_wconf 86' lang='lat' dir='ltr'>irr</span> <span class='ocrx_word' id='word_1_88' title='bbox 479 1577 610 1635; x_wconf 83' lang='lat' dir='ltr'>cohorte?</span> <span class='ocrx_word' id='word_1_89' title='bbox 623 1575 682 1657; x_wconf 73' lang='lat' dir='ltr'>qui&gt;</span> <span class='ocrx_word' id='word_1_90' title='bbox 722 1570 966 1653; x_wconf 82' lang='lat' dir='ltr'>ertinet?Apro·</span> 
     </span>
     <span class='ocr_line' id='line_1_16' title="bbox 276 1594 966 1736; baseline 0 -24"><span class='ocrx_word' id='word_1_91' title='bbox 276 1654 358 1713; x_wconf 83' lang='lat' dir='ltr'>nium</span> <span class='ocrx_word' id='word_1_92' title='bbox 377 1652 465 1713; x_wconf 88' lang='lat' dir='ltr'>doces</span> <span class='ocrx_word' id='word_1_93' title='bbox 477 1654 489 1717; x_wconf 77' lang='lat' dir='ltr'>i</span> <span class='ocrx_word' id='word_1_94' title='bbox 503 1654 572 1736; x_wconf 89' lang='lat' dir='ltr'>quid</span> <span class='ocrx_word' id='word_1_95' title='bbox 584 1654 594 1713; x_wconf 73' lang='grc' dir='ltr'><strong><em>ἓ</em></strong></span> <span class='ocrx_word' id='word_1_96' title='bbox 608 1594 778 1720; x_wconf 66' lang='lat' dir='ltr'>invedrrm</span> <span class='ocrx_word' id='word_1_97' title='bbox 789 1652 966 1725; x_wconf 85' lang='lat' dir='ltr'>cohortem,</span> 
     </span>
     <span class='ocr_line' id='line_1_17' title="bbox 215 1731 967 1815; baseline -0.003 -22"><span class='ocrx_word' id='word_1_98' title='bbox 215 1801 218 1813; x_wconf 29' lang='lat'><strong>¹</strong></span> <span class='ocrx_word' id='word_1_99' title='bbox 277 1748 308 1793; x_wconf 77' lang='lat' dir='ltr'>te</span> <span class='ocrx_word' id='word_1_100' title='bbox 328 1735 496 1807; x_wconf 85' lang='lat' dir='ltr'>monitore,</span> <span class='ocrx_word' id='word_1_101' title='bbox 514 1757 549 1793; x_wconf 82' lang='lat' dir='ltr'>an</span> <span class='ocrx_word' id='word_1_102' title='bbox 574 1734 620 1793; x_wconf 76' lang='lat' dir='ltr'>sni</span> <span class='ocrx_word' id='word_1_103' title='bbox 645 1733 747 1815; x_wconf 88' lang='lat' dir='ltr'>sponte</span> <span class='ocrx_word' id='word_1_104' title='bbox 763 1731 967 1815; x_wconf 70' lang='lat' dir='ltr'>pervenerat?</span> 
     </span>
     <span class='ocr_line' id='line_1_18' title="bbox 279 1809 968 1954; baseline 0.003 -83"><span class='ocrx_word' id='word_1_105' title='bbox 279 1815 366 1893; x_wconf 83' lang='lat' dir='ltr'>Quod</span> <span class='ocrx_word' id='word_1_106' title='bbox 379 1814 474 1892; x_wconf 84' lang='lat' dir='ltr'>cuique</span> <span class='ocrx_word' id='word_1_107' title='bbox 489 1809 557 1895; x_wconf 71' lang='lat' dir='ltr'>oprtr</span> <span class='ocrx_word' id='word_1_108' title='bbox 568 1818 628 1889; x_wconf 88' lang='lat' dir='ltr'>sit,</span> <span class='ocrx_word' id='word_1_109' title='bbox 645 1836 760 1896; x_wconf 84' lang='lat' dir='ltr'>oppone.</span> <span class='ocrx_word' id='word_1_110' title='bbox 780 1813 852 1893; x_wconf 71' lang='lat' dir='ltr'>Qud</span> <span class='ocrx_word' id='word_1_111' title='bbox 868 1816 968 1954; x_wconf 63' lang='lat' dir='ltr'>impar</span> 
     </span>
     <span class='ocr_line' id='line_1_19' title="bbox 278 1892 969 1975; baseline 0.001 -21"><span class='ocrx_word' id='word_1_112' title='bbox 278 1892 377 1975; x_wconf 73' lang='lat' dir='ltr'>denrii</span> <span class='ocrx_word' id='word_1_113' title='bbox 419 1896 503 1953; x_wconf 81' lang='lat' dir='ltr'>utatis</span> <span class='ocrx_word' id='word_1_114' title='bbox 519 1915 586 1955; x_wconf 87' lang='lat' dir='ltr'>eurn</span> <span class='ocrx_word' id='word_1_115' title='bbox 603 1897 632 1954; x_wconf 89' lang='lat' dir='ltr'>in</span> <span class='ocrx_word' id='word_1_116' title='bbox 646 1896 848 1955; x_wconf 78' lang='lat' dir='ltr'>dominatione</span> <span class='ocrx_word' id='word_1_117' title='bbox 860 1893 906 1953; x_wconf 90' lang='lat' dir='ltr'>fui</span> <span class='ocrx_word' id='word_1_118' title='bbox 930 1913 969 1973; x_wconf 74' lang='lat' dir='ltr'>e,</span> 
     </span>
     <span class='ocr_line' id='line_1_20' title="bbox 262 1915 970 2058; baseline 0 -25"><span class='ocrx_word' id='word_1_119' title='bbox 262 1976 328 2058; x_wconf 48' lang='lat' dir='ltr'>¹qui</span> <span class='ocrx_word' id='word_1_120' title='bbox 344 1977 374 2034; x_wconf 90' lang='lat' dir='ltr'>in</span> <span class='ocrx_word' id='word_1_121' title='bbox 393 1915 461 2057; x_wconf 77' lang='lat' dir='ltr'>iitga</span> <span class='ocrx_word' id='word_1_122' title='bbox 478 1986 536 2035; x_wconf 83' lang='lat' dir='ltr'>tani</span> <span class='ocrx_word' id='word_1_123' title='bbox 553 1978 704 2058; x_wconf 88' lang='lat' dir='ltr'>improbus</span> <span class='ocrx_word' id='word_1_124' title='bbox 720 1976 850 2050; x_wconf 70' lang='lat' dir='ltr'>sitierit,</span> <span class='ocrx_word' id='word_1_125' title='bbox 863 1976 970 2035; x_wconf 68' lang='lat' dir='ltr'>omnin</span> 
     </span>
     <span class='ocr_line' id='line_1_21' title="bbox 277 2052 969 2140; baseline -0.001 -23"><span class='ocrx_word' id='word_1_126' title='bbox 277 2055 403 2140; x_wconf 71' lang='lat' dir='ltr'>pecuniit</span> <span class='ocrx_word' id='word_1_127' title='bbox 417 2054 491 2116; x_wconf 87' lang='lat' dir='ltr'>effici</span> <span class='ocrx_word' id='word_1_128' title='bbox 511 2056 601 2138; x_wconf 81' lang='lat' dir='ltr'>poffe.</span> <span class='ocrx_word' id='word_1_129' title='bbox 620 2062 672 2118; x_wconf 85' lang='lat' dir='ltr'>De</span> <span class='ocrx_word' id='word_1_130' title='bbox 682 2102 692 2131; x_wconf 95' lang='lat'>,</span> <span class='ocrx_word' id='word_1_131' title='bbox 702 2052 863 2138; x_wconf 53' lang='lat' dir='ltr'>profitiat,</span> <span class='ocrx_word' id='word_1_132' title='bbox 879 2077 969 2138; x_wconf 86' lang='lat' dir='ltr'>oppo-</span> 
     </span>
     <span class='ocr_line' id='line_1_22' title="bbox 278 2135 971 2210; baseline -0.003 -12"><span class='ocrx_word' id='word_1_133' title='bbox 278 2160 336 2210; x_wconf 84' lang='lat' dir='ltr'>ne,</span> <span class='ocrx_word' id='word_1_134' title='bbox 358 2140 382 2196; x_wconf 84' lang='lat' dir='ltr'>si</span> <span class='ocrx_word' id='word_1_135' title='bbox 406 2139 475 2196; x_wconf 73' lang='lat' dir='ltr'>velis</span> <span class='ocrx_word' id='word_1_136' title='bbox 493 2141 608 2196; x_wconf 79' lang='lat' dir='ltr'>vincere.</span> <span class='ocrx_word' id='word_1_137' title='bbox 636 2137 708 2196; x_wconf 90' lang='lat' dir='ltr'>Non</span> <span class='ocrx_word' id='word_1_138' title='bbox 728 2135 785 2194; x_wconf 90' lang='lat' dir='ltr'>hoc</span> <span class='ocrx_word' id='word_1_139' title='bbox 811 2136 888 2195; x_wconf 82' lang='lat' dir='ltr'>mihi</span> <span class='ocrx_word' id='word_1_140' title='bbox 908 2153 971 2196; x_wconf 81' lang='lat' dir='ltr'>tam</span> 
     </span>
     <span class='ocr_line' id='line_1_23' title="bbox 278 2213 971 2296; baseline -0.003 -18"><span class='ocrx_word' id='word_1_141' title='bbox 278 2215 432 2278; x_wconf 85' lang='lat' dir='ltr'>molestum</span> <span class='ocrx_word' id='word_1_142' title='bbox 456 2213 519 2289; x_wconf 90' lang='lat' dir='ltr'>est,</span> <span class='ocrx_word' id='word_1_143' title='bbox 542 2216 678 2296; x_wconf 86' lang='lat' dir='ltr'>Apronio</span> <span class='ocrx_word' id='word_1_144' title='bbox 703 2215 821 2277; x_wconf 83' lang='lat' dir='ltr'>suadere</span> <span class='ocrx_word' id='word_1_145' title='bbox 844 2214 971 2276; x_wconf 66' lang='lat' dir='ltr'>Timar-</span> 
     </span>
     <span class='ocr_line' id='line_1_24' title="bbox 276 2294 973 2378; baseline 0.006 -22"><span class='ocrx_word' id='word_1_146' title='bbox 276 2297 415 2369; x_wconf 82' lang='lat' dir='ltr'>chidem,</span> <span class='ocrx_word' id='word_1_147' title='bbox 435 2294 522 2376; x_wconf 70' lang='lat' dir='ltr'>quim</span> <span class='ocrx_word' id='word_1_148' title='bbox 543 2297 622 2377; x_wconf 75' lang='lat' dir='ltr'>quod</span> <span class='ocrx_word' id='word_1_149' title='bbox 649 2298 706 2357; x_wconf 93' lang='lat' dir='ltr'>hoc</span> <span class='ocrx_word' id='word_1_150' title='bbox 733 2297 812 2356; x_wconf 86' lang='lat' dir='ltr'>idem</span> <span class='ocrx_word' id='word_1_151' title='bbox 836 2313 973 2378; x_wconf 77' lang='lat' dir='ltr'>patrono</span> 
     </span>
     <span class='ocr_line' id='line_1_25' title="bbox 277 2375 481 2456; baseline -0.025 -16"><span class='ocrx_word' id='word_1_152' title='bbox 277 2375 328 2440; x_wconf 85' lang='lat' dir='ltr'>suo</span> <span class='ocrx_word' id='word_1_153' title='bbox 344 2378 481 2456; x_wconf 84' lang='lat' dir='ltr'>praecipit.</span> 
     </span>
    </p>

    <p class='ocr_par' dir='ltr' id='par_1_4' title="bbox 278 2456 983 3027">
     <span class='ocr_line' id='line_1_26' title="bbox 324 2456 971 2538; baseline 0.002 -23"><span class='ocrx_word' id='word_1_154' title='bbox 324 2456 389 2538; x_wconf 83' lang='lat'>156.</span> <span class='ocrx_word' id='word_1_155' title='bbox 412 2461 448 2537; x_wconf 79' lang='lat' dir='ltr'>‚T‘</span> <span class='ocrx_word' id='word_1_156' title='bbox 464 2457 615 2536; x_wconf 72' lang='lat' dir='ltr'>postulante</span> <span class='ocrx_word' id='word_1_157' title='bbox 634 2478 724 2516; x_wconf 86' lang='lat' dir='ltr'>omnes</span> <span class='ocrx_word' id='word_1_158' title='bbox 744 2458 852 2515; x_wconf 78' lang='lat' dir='ltr'>vincere</span> <span class='ocrx_word' id='word_1_159' title='bbox 861 2456 971 2536; x_wconf 70' lang='lat' dir='ltr'>solent.</span> 
     </span>
     <span class='ocr_line' id='line_1_27' title="bbox 278 2535 974 2616; baseline 0.003 -19"><span class='ocrx_word' id='word_1_160' title='bbox 278 2535 376 2597; x_wconf 84' lang='lat' dir='ltr'>Verre</span> <span class='ocrx_word' id='word_1_161' title='bbox 390 2535 507 2615; x_wconf 89' lang='lat' dir='ltr'>quidem</span> <span class='ocrx_word' id='word_1_162' title='bbox 525 2553 675 2616; x_wconf 72' lang='lat' dir='ltr'>praetore,</span> <span class='ocrx_word' id='word_1_163' title='bbox 698 2557 759 2594; x_wconf 91' lang='lat' dir='ltr'>non</span> <span class='ocrx_word' id='word_1_164' title='bbox 782 2535 974 2612; x_wconf 81' lang='lat' dir='ltr'>Sacerdote,</span> 
     </span>
     <span class='ocr_line' id='line_1_28' title="bbox 278 2614 973 2697; baseline 0.004 -19"><span class='ocrx_word' id='word_1_165' title='bbox 278 2637 340 2684; x_wconf 83' lang='lat' dir='ltr'>non</span> <span class='ocrx_word' id='word_1_166' title='bbox 355 2614 518 2688; x_wconf 75' lang='lat' dir='ltr'>Peducaeo,</span> <span class='ocrx_word' id='word_1_167' title='bbox 531 2637 593 2676; x_wconf 93' lang='lat' dir='ltr'>non</span> <span class='ocrx_word' id='word_1_168' title='bbox 606 2617 662 2676; x_wconf 86' lang='lat' dir='ltr'>hoc</span> <span class='ocrx_word' id='word_1_169' title='bbox 676 2614 737 2697; x_wconf 89' lang='lat' dir='ltr'>ipso</span> <span class='ocrx_word' id='word_1_170' title='bbox 749 2615 891 2677; x_wconf 83' lang='lat' dir='ltr'>Metello.</span> <span class='ocrx_word' id='word_1_171' title='bbox 906 2622 973 2680; x_wconf 78' lang='lat' dir='ltr'>scis</span> 
     </span>
     <span class='ocr_line' id='line_1_29' title="bbox 280 2696 976 2778; baseline -0.001 -17"><span class='ocrx_word' id='word_1_172' title='bbox 280 2699 425 2761; x_wconf 81' lang='lat' dir='ltr'>Metellum</span> <span class='ocrx_word' id='word_1_173' title='bbox 439 2697 591 2778; x_wconf 83' lang='lat' dir='ltr'>sapientem</span> <span class='ocrx_word' id='word_1_174' title='bbox 621 2696 680 2776; x_wconf 78' lang='lat' dir='ltr'>effe.</span> <span class='ocrx_word' id='word_1_175' title='bbox 705 2696 774 2756; x_wconf 90' lang='lat' dir='ltr'>Hoc</span> <span class='ocrx_word' id='word_1_176' title='bbox 799 2699 875 2758; x_wconf 69' lang='lat' dir='ltr'>vero</span> <span class='ocrx_word' id='word_1_177' title='bbox 901 2698 976 2762; x_wconf 81' lang='lat' dir='ltr'>ferri</span> 
     </span>
     <span class='ocr_line' id='line_1_30' title="bbox 279 2775 975 2860; baseline 0.003 -24"><span class='ocrx_word' id='word_1_178' title='bbox 279 2775 337 2860; x_wconf 65' lang='lat' dir='ltr'>jam</span> <span class='ocrx_word' id='word_1_179' title='bbox 347 2799 405 2837; x_wconf 94' lang='lat' dir='ltr'>non</span> <span class='ocrx_word' id='word_1_180' title='bbox 416 2776 525 2859; x_wconf 90' lang='lat' dir='ltr'>potest,</span> <span class='ocrx_word' id='word_1_181' title='bbox 534 2777 644 2838; x_wconf 84' lang='lat' dir='ltr'>irrideri</span> <span class='ocrx_word' id='word_1_182' title='bbox 652 2779 821 2858; x_wconf 87' lang='lat' dir='ltr'>virioptimi</span> <span class='ocrx_word' id='word_1_183' title='bbox 832 2822 842 2850; x_wconf 92' lang='lat'>,</span> <span class='ocrx_word' id='word_1_184' title='bbox 853 2777 889 2838; x_wconf 85' lang='lat' dir='ltr'>L.</span> <span class='ocrx_word' id='word_1_185' title='bbox 901 2779 975 2842; x_wconf 77' lang='lat' dir='ltr'>Me·</span> 
     </span>
     <span class='ocr_line' id='line_1_31' title="bbox 279 2857 983 2941; baseline 0.004 -23"><span class='ocrx_word' id='word_1_186' title='bbox 279 2858 339 2920; x_wconf 88' lang='lat' dir='ltr'>telli</span> <span class='ocrx_word' id='word_1_187' title='bbox 348 2903 357 2932; x_wconf 92' lang='lat'>‚</span> <span class='ocrx_word' id='word_1_188' title='bbox 366 2861 511 2941; x_wconf 84' lang='lat' dir='ltr'>ingenium</span> <span class='ocrx_word' id='word_1_189' title='bbox 523 2904 534 2930; x_wconf 88' lang='lat'>,</span> <span class='ocrx_word' id='word_1_190' title='bbox 548 2860 579 2918; x_wconf 91' lang='lat'>&amp;</span> <span class='ocrx_word' id='word_1_191' title='bbox 592 2859 760 2930; x_wconf 89' lang='lat' dir='ltr'>contemni,</span> <span class='ocrx_word' id='word_1_192' title='bbox 777 2879 810 2916; x_wconf 83' lang='lat' dir='ltr'>ac</span> <span class='ocrx_word' id='word_1_193' title='bbox 828 2857 946 2940; x_wconf 88' lang='lat' dir='ltr'>despici</span> <span class='ocrx_word' id='word_1_194' title='bbox 957 2885 983 2928; x_wconf 63' lang='lat' dir='ltr'>a</span> 
     </span>
     <span class='ocr_line' id='line_1_32' title="bbox 280 2937 982 3027; baseline 0.007 -28"><span class='ocrx_word' id='word_1_195' title='bbox 280 2939 404 3027; x_wconf 82' lang='lat' dir='ltr'>fugitivo</span> <span class='ocrx_word' id='word_1_196' title='bbox 421 2938 617 3006; x_wconf 72' lang='lat' dir='ltr'>Timarchide.</span> <span class='ocrx_word' id='word_1_197' title='bbox 636 2937 670 3002; x_wconf 81' lang='lat' dir='ltr'>Si</span> <span class='ocrx_word' id='word_1_198' title='bbox 682 2939 819 3020; x_wconf 74' lang='lat' dir='ltr'>Volteium</span> <span class='ocrx_word' id='word_1_199' title='bbox 832 2941 982 3022; x_wconf 74' lang='lat' dir='ltr'>habebis,</span> 
     </span>
    </p>

    <p class='ocr_par' dir='ltr' id='par_1_5' title="bbox 590 3062 602 3083">
     <span class='ocr_line' id='line_1_33' title="bbox 590 3062 602 3083; baseline 0 0"><span class='ocrx_word' id='word_1_200' title='bbox 590 3062 602 3083; x_wconf 68' lang='lat'><em>0</em></span> 
     </span>
    </p>
   </div>
   <div class='ocr_carea' id='block_1_3' title="bbox 0 0 1294 4175">
    <p class='ocr_par' dir='ltr' id='par_1_6' title="bbox 0 0 1294 4175">
     <span class='ocr_line' id='line_1_34' title="bbox 0 0 1294 4175; baseline 0 0"><span class='ocrx_word' id='word_1_201' title='bbox 0 0 1294 4175; x_wconf 95' lang='lat' dir='ltr'> </span> 
     </span>
    </p>
   </div>
  </div>
 </body>
</html>
