2550 4175
320 705 571 775 Acrronrr
596 706 644 775 Il.
668 707 705 775 L.
731 706 796 775 m.
838 724 907 779 ror

235 817 443 894 condemnari,
458 822 526 899 quin
543 819 626 881 simul
642 819 679 881 de
697 818 772 882 istius
787 821 915 898 scelere,

234 914 264 958 at
285 919 321 959 ue
341 903 380 959 im
403 899 526 961 robirate
539 896 720 977 judicaretur.
907 949 911 956 .

308 923 406 1041 XVd.
429 979 528 1041 Venio
540 1000 617 1039 nunc
635 979 673 1039 ad
693 978 841 1061 epistolam
853 979 912 1041 Ti-

233 1061 405 1135 marchidis‚
426 1060 520 1121 liberti
540 1058 639 1134 istius,
663 1060 696 1120 &
721 1063 833 1121 accensi
848 1062 911 1140 :de

233 1159 291 1219 qua
306 1161 395 1222 quum
406 1140 531 1215 dixero,
550 1157 645 1202 totum
662 1141 720 1200 hoc
740 1142 848 1202 crimen
858 1141 912 1202 den.

233 1240 386 1281 cumanum
411 1241 560 1302 peroraro.
596 1220 668 1280 Haec
695 1218 815 1301 epistola
845 1219 912 1294 est,

232 1299 366 1375 Judices,
390 1323 477 1383 quarn
503 1321 556 1361 nos
576 1299 724 1381 Syracusis
747 1304 777 1360 in
802 1300 912 1362 aedibus

231 1379 385 1460 Apronii,
409 1402 497 1463 quum
522 1381 629 1441 litteras
656 1384 911 1462 conquireremus,

230 1462 394 1522 invenimus
413 1484 420 1522 ε
438 1459 517 1522 miffa
540 1459 605 1535 est,
622 1478 654 1520 ut
674 1461 732 1542 ipsa
749 1463 912 1543 significat,

233 1559 270 1599 ex
287 1541 408 1614 itinere,
425 1563 513 1622 quum
534 1540 645 1602 Verres
660 1539 719 1618 jam
736 1540 773 1600 de
790 1543 912 1620 provin-

233 1622 275 1678 cia
294 1620 476 1692 decessisset,
490 1619 682 1680 Timarchidis
696 1641 784 1679 manu
799 1619 911 1700 scripta.

235 1698 913 1781 RecitaepistolamTimarchidis.T1MAch1·

233 1797 293 1839 nes
312 1784 402 1843 Verris
411 1780 540 1861 accensus
555 1780 718 1840 Aruoulo
729 1779 854 1859 salutem
866 1783 913 1840 di·

231 1863 278 1921 cit.
300 1860 364 1921 Jam
388 1861 445 1921 hoc
473 1859 590 1943 quidem
613 1881 674 1919 non
704 1859 911 1940 reprehendo,

231 1940 310 2021 quod
322 1938 410 2001 adseri
432 1942 492 2012 sit,
509 1941 661 2021 Ascensus.
683 1938 744 2001 Cur
762 1942 838 2000 enim
857 1941 923 2002 sibi·

230 2021 288 2081 hoc
302 2020 398 2082 scribae
408 1963 459 2081 doli
473 2020 604 2082 sumant?
618 2019 912 2097 L.PnP1R1usscri÷

230 2103 276 2163 ba.
294 2102 375 2163 Volo
389 2123 446 2184 ego
460 2103 517 2162 hoc
537 2101 593 2162 effe
604 2122 759 2161 commune
774 2101 912 2162 accenso-

230 2202 293 2240 rum
306 2227 314 2255 ,
326 2182 480 2252 lidorum,
497 2184 652 2241 viatorum.
670 2186 729 2241 Fac
740 2184 911 2263 diligentiam

230 2263 384 2331 adhibeas,
405 2264 477 2339 quod
495 2263 534 2318 ad
554 2263 771 2340 existimationem
787 2263 911 2337 praroris

230 2341 336 2399 attinet.
348 2338 546 2400 Commendat
559 2337 695 2419 Apronio
712 2338 836 2399 Verrem
849 2383 861 2410 ,
878 2342 912 2400 ὃ(

230 2419 382 2493 hortatur,
405 2437 437 2478 ut
456 2420 576 2477 inimicis
601 2416 662 2496 ejus
681 2417 798 2479 resistat.
825 2419 910 2479 Bono

228 2500 362 2580 praesidio
383 2502 507 2558 munitur
526 2496 694 2557 existimatio
712 2516 760 2557 tua
779 2519 786 2556 :
804 2501 826 2557 si
843 2504 910 2580 qui-

229 2580 296 2639 dem
314 2583 343 2638 in
357 2578 481 2659 Apronii
494 2577 672 2638 constituitur
686 2579 831 2660 diligentia
843 2623 854 2650 ‚
864 2600 911 2639 at-

228 2681 285 2740 que
298 2659 475 2719 audoritate.
487 2660 584 2718 Habes
599 2662 724 2720 virtutem
735 2705 747 2732 ,
760 2679 838 2739 utque
851 2665 912 2721 elo-

228 2759 375 2820 quenrram.

273 2837 337 2899 155.
356 2818 455 2898 Quim
473 2819 593 2899 copiose
611 2818 743 2878 laudatur
759 2817 909 2899 Apronius

228 2920 246 2959 a
261 2895 471 2959 Timarchide?
489 2899 575 2980 quim
595 2898 769 2981 magnifici?
787 2903 831 2959 cui
849 2921 909 2982 ego

228 2999 288 3037 non
308 2996 407 3059 putem
433 2980 513 3039 illum
536 2979 649 3059 placere
679 2997 838 3059 oportere,
859 2984 909 3060 qui

228 3074 380 3138 tantopere
396 3059 572 3119 Timarchidi
585 3061 723 3140 probatus
735 3063 769 3118 sit
784 3060 794 3119 i
811 3064 908 3120 Habes

222 3138 357 3217 firmptum
377 3143 446 3198 unde
466 3137 572 3218 stirias.
601 3138 723 3199 Neceffe
743 3139 804 3212 est,
827 3141 908 3220 quod

227 3216 394 3280 redundarit
412 3218 448 3281 de
463 3217 558 3282 vestro
578 3217 765 3359 frumentariEo
775 3219 909 3312 ἐφείω,

773 3321 802 3379 ll]
