2550 4175
275 364 326 455 98
462 363 521 428 In
551 364 778 426 Vennum

277 476 350 536 cusis
366 470 463 534 :testis
480 473 522 535 est
537 493 601 535 tota
618 476 789 555 provincia,
805 490 964 554 propterea

277 554 359 637 quod
368 554 495 638 undique
507 556 544 616 ad
560 555 699 616 emendas
713 556 854 615 decumas
872 554 964 616 soient

278 636 315 697 eb
337 638 495 697 convenire
516 657 524 696 ε
550 636 632 718 quod
654 638 717 696 sive
743 634 876 709 fateris,
906 637 964 696 sive

276 718 459 776 convinceris
473 738 482 790 ;
496 734 590 798 quot,
611 716 645 777 &.
658 715 744 797 quarn
760 713 964 776 manifeffisir

275 798 362 858 rebus
383 813 522 872 teneare,
539 817 600 857 uon
616 794 727 857 vides?
744 798 877 877 primum
887 812 964 858 trram

276 898 340 938 rem
358 876 459 950 illam,
478 878 511 938 δι
527 877 655 958 praedam
674 874 753 937 fuiffe
769 897 777 935 τ
793 896 893 951 nam,
915 877 964 937 nisi

276 960 316 1018 ita
326 955 416 1029 effet,
429 978 478 1037 cur
487 975 519 1017 tu
529 957 695 1038 Apronium
706 957 837 1033 malebas
852 956 964 1039 (quem

277 1058 381 1099 omnes
395 1054 475 1097 tuum
494 1059 650 1119 procurare
667 1040 696 1098 in
714 1038 847 1097 decumis
867 1058 964 1121 nego·

275 1122 348 1180 tium
363 1119 556 1199 loquebantur
570 1117 583 1200 )
596 1118 685 1200 quim
705 1118 898 1193 Minucium,
919 1121 964 1180 de·

276 1221 374 1340 cumps
392 1202 452 1282 agri
469 1198 764 1339 ''ew-sumes&
782 1198 898 1338 deinge
905 1202 964 1341 fipp-

276 1296 470 1354 menum,at
511 1301 528 1341 e
593 1296 683 1339 mcum
709 1300 810 1339 ucnrm
826 1298 844 1339 e
870 1299 889 1340 e
950 1310 964 1328 ·

276 1377 340 1421 tum
355 1381 363 1421 :
379 1380 447 1420 nam
461 1301 575 1420 siuxxx
591 1360 716 1421 millibus
726 1357 865 1419 modium
878 1362 964 1421 tritici

275 1458 308 1502 tu
321 1457 487 1502 commotus
504 1462 565 1501 non
584 1438 655 1502 effes
675 1462 682 1500 ε
704 1440 784 1500 certe
804 1440 866 1500 hoc
886 1443 964 1502 idern

275 1521 348 1582 lucri
363 1521 509 1581 Minucius
528 1522 664 1603 Apronio
681 1520 807 1582 libenter
822 1520 963 1597 dedisset,

276 1600 363 1661 stille
382 1603 514 1682 accipere
532 1600 675 1663 voluisset.

323 1699 390 1762 ¹50·
410 1680 560 1760 Quantam
576 1682 662 1763 igitur
686 1680 727 1739 illi
748 1677 833 1762 spem
858 1681 964 1762 prada

274 1762 458 1842 propositam
476 1762 647 1822 arbitramur
664 1759 765 1833 fuiffe,
783 1763 834 1842 qui
849 1778 962 1824 tanturn

276 1840 402 1923 praesens
425 1842 558 1916 lucrum,
576 1841 656 1902 nulli
679 1841 771 1922 opera
794 1843 954 1924 insumptd

277 1921 506 2004 contempserit,
528 1939 613 2005 atque
642 1921 827 2003 despexerit?
855 1922 952 1985 deind

275 2002 335 2085 ipse
356 2004 500 2064 Minucius
516 2002 673 2086 numquam
692 2004 765 2061 tanti
776 2001 892 2064 habere
907 2026 946 2065 vu

276 2083 369 2147 iuiffet
384 2130 393 2160 ‚
409 2085 432 2144 si
447 2085 583 2146 decumas
597 2101 628 2145 tu
639 2084 705 2166 lege
715 2082 941 2147 Hieronicaiver

277 2165 361 2226 detes
374 2185 382 2224 ι
396 2163 446 2225 sed
461 2165 541 2244 qubd
559 2167 615 2225 tuis
625 2166 711 2224 novis
724 2163 847 2238 edittis,
865 2166 936 2226 &ir

276 2247 418 2384 puissunis
426 2243 559 2305 institutis
567 2244 630 2326 plus
643 2245 791 2383 aiicpuantb
809 2242 862 2318 se,
877 2247 930 2328 qui

298 2345 430 2397 ecumas,
441 2324 601 2384 ablaturum
618 2325 688 2385 vide
709 2342 758 2398 at,
769 2324 885 2386 idcirco
901 2329 925 2388 lc

275 2408 338 2488 giba
357 2402 518 2486 progressus
547 2403 598 2465 est.
623 2406 666 2466 At
685 2404 824 2485 Apronio
845 2404 919 2488 semp

276 2487 341 2568 pius
363 2485 564 2547 etiam‘rnultb
582 2486 633 2545 abs
651 2502 682 2546 te
707 2483 877 2567 permistum
901 2508 914 2550 ε

274 2566 362 2647 quim
372 2565 452 2648 quod
460 2565 600 2626 edixeras.
608 2566 763 2646 Quantum
773 2569 861 2649 igitur
872 2589 909 2652 qr·

273 2663 335 2706 tum
357 2665 491 2727 putamus
509 2646 615 2707 fadum
640 2644 697 2707 etse
723 2666 776 2728 per
791 2667 862 2708 eum
887 2695 898 2724 ,

275 2727 391 2808 quidvis
412 2727 520 2787 licitum
549 2730 609 2787 sit:
635 2748 723 2810 quum
748 2745 865 2788 tantum
894 2732 899 2789 Γ

275 2807 401 2868 voluerit
417 2807 524 2870 addere
540 2809 585 2882 is,
600 2811 668 2883 cui,
684 2809 708 2870 si
722 2807 863 2872 decumas
879 2830 893 2875 c

261 2888 317 2976 ‘set
327 2933 339 2966 ,
350 2887 430 2954 idern
443 2910 504 2952 non
517 2890 617 2953 liceret
630 2890 645 2956 ἶ
