2550 4175
403 255 656 325 lorrours
682 254 871 324 1!.·L.·1V.
910 262 990 323 aar·

380 401 386 430 i
402 383 436 430 tu
452 368 553 430 servoa'
572 366 610 427 ad
624 357 809 447 spoliandurn'
821 366 919 427 fanum
932 372 993 427 im-

364 471 424 510 tere
442 450 523 509 ausus
539 470 593 521 es,
609 448 669 528 qul>
687 448 794 508 liberos
817 450 896 508 adire
913 494 925 520 ,
952 468 991 509 ne

345 531 412 590 andi
429 531 549 610 quidem
569 528 655 587 causa
665 572 676 600 ‚
687 526 730 587 sas
753 530 836 588 erat?
851 528 928 589 hisne
943 549 995 588 re·

331 631 362 669 trs
382 632 483 669 manus
497 608 599 670 afferre
619 629 681 668 non
697 607 828 667 dubitasti
838 654 849 681 ,
859 632 876 667 a
888 610 993 690 quibus

313 693 399 751 etiam
418 691 519 752 oculos
537 689 675 750 cohibere
692 704 723 747 te
745 689 915 770 religionum
929 687 993 767 jura

313 772 458 853 cogebant
471 770 484 831 ἰ
497 773 612 831 tametsi
626 790 665 829 ne
684 769 775 829 oculii
792 770 910 849 quidem
921 771 993 849 cap'-

313 866 354 910 tus
369 854 399 912 in
416 851 491 911 lianc
512 850 644 911 fraudem
668 866 729 909 tam
749 848 935 919 sceleratam,
957 869 993 909 ac

296 947 371 1002 :tam
393 931 531 992 nefariam
549 927 678 992 decidisti
689 952 697 989 ε
708 952 777 990 nam
793 930 824 989 id
839 929 993 1010 concupis·

294 1013 352 1084 ¹ci,
370 1011 450 1091 quod
464 1033 620 1092 numquam
632 1010 747 1070 videras
761 1031 771 1081 ;
785 1012 836 1081 id,
853 1015 991 1092 inquam,

310 1091 449 1152 adamasti
459 1138 470 1166 ‚
483 1092 565 1173 quod
577 1108 662 1151 antea
671 1112 731 1150 non
741 1089 910 1170 adspexerat
920 1112 929 1150 :
939 1112 993 1150 au-

294 1172 386 1242 :ribus
400 1188 433 1232 tu
449 1190 561 1232 tantam
573 1170 760 1251 cupiditatem
770 1169 945 1250 concepisti,
960 1186 993 1230 nt

297 1271 374 1314 :eam
385 1273 446 1313 non
463 1272 581 1323 metus,
599 1272 661 1310 non
684 1252 812 1331 religio,
832 1272 893 1309 non
915 1250 993 1310 deo-

297 1353 374 1393 -rum
393 1337 463 1409 vis,
481 1355 544 1395 non
559 1332 716 1393 hominum·
731 1328 901 1391 existimatio
921 1351 996 1391 con·

294 1415 425 1486 2tineret.
963 1462 966 1468 .

294 1537 307 1556 -.
351 1512 417 1556 102.
438 1493 481 1555 At
493 1513 529 1555 ex
538 1496 604 1556 viro
616 1494 698 1555 bono
717 1493 868 1567 audieras,
880 1492 994 1567 credo,

294 1571 344 1648 ,δι
358 1574 441 1635 bono
458 1576 584 1636 ausinae.
613 1574 676 1653 Qui
693 1575 724 1634 id
741 1572 860 1654 potest,
877 1576 928 1656 qui
950 1594 990 1635 ne

296 1671 346 1713 ,εκ
363 1656 429 1716 viro
449 1654 567 1736 quidem
587 1656 685 1713 audire
705 1652 854 1733 potueris?
877 1652 993 1718 Audisti

307 1734 391 1814 igitur
410 1755 447 1794 ex
460 1736 604 1803 muliere3
662 1735 760 1792 oniam
776 1734 808 1792 id
822 1736 878 1792 viri
893 1751 992 1814 neque

296 1813 409 1874 uidisse
427 1857 437 1884 ‚
458 1831 554 1893 neque
583 1811 622 1869 tio
645 1832 662 1871 e
688 1827 834 1890 poterant.
862 1811 993 1890 Qualem

293 1894 399 1974 ,porro
418 1891 499 1950 illatn
516 1890 654 1950 feminam
672 1888 753 1948 fuisse
767 1891 892 1970 putatis,
909 1889 992 1952 Judi-

294 2017 303 2050 ἶ
308 1991 358 2031 ces
373 1970 386 2030 l
408 1970 496 2051 quim
512 1968 666 2051 pudicam,
683 1990 746 2049 quae
762 1990 829 2029 cum
839 1968 934 2031 Verre
945 1970 994 2031 lo-

294 2109 300 2117 ,
329 2050 471 2112 necetur?
510 2049 576 2111 nim
597 2048 778 2132 religiosam,
816 2071 860 2112 uae
883 2050 994 2115 sacrarii

297 2072 450 2214 spoliandi
470 2072 635 2192 odenderet
654 2070 820 2193 rationeml
842 2131 885 2193 At
906 2135 992 2194 mini-

309 2212 356 2287 me
371 2216 496 2286 mitum,
520 2233 585 2293 quae
601 2210 676 2272 sacra
691 2233 744 2293 per
763 2213 903 2274 summam
927 2213 992 2275 cas-

308 2295 460 2366 timoniam
479 2294 648 2376 virginum,
671 2314 704 2353 ac
722 2295 873 2354 mulierum
895 2292 990 2372 fiant,

306 2373 413 2512 eadlem
422 2395 474 2455 per
482 2372 559 2437 istius
574 2375 722 2456 stuprum,
736 2396 769 2435 ac
781 2376 920 2459 flagitium
931 2375 989 2438 esse

310 2468 361 2515 vro
374 2470 428 2515 ata.

298 2584 302 2597 .
347 2532 477 2594 XLVI.
495 2533 577 2614 Quid
596 2538 692 2618 ergo?
710 2537 766 2597 hoc
791 2537 883 2598 solum
908 2538 990 2598 audi·

308 2615 388 2675 tione
411 2633 549 2697 expetere
566 2619 675 2696 coepit,
691 2638 781 2696 quum
801 2617 831 2675 id
849 2617 908 2696 ipse
927 2640 987 2678 non

301 2690 445 2761 uidisset?
464 2696 554 2757 immo
580 2698 654 2758 verb
678 2697 731 2754 alia
756 2697 929 2776 complura:
952 2719 989 2758 ex

298 2772 411 2863 ‚qubus
438 2772 543 2858 eligam
568 2775 770 2859 spoliationem
800 2777 989 2915 nfinilissimi,

856 2877 884 2934 ιι]
