<?xml version="1.0" encoding="UTF-8"?>
<!DOCTYPE html PUBLIC "-//W3C//DTD XHTML 1.0 Transitional//EN"
    "http://www.w3.org/TR/xhtml1/DTD/xhtml1-transitional.dtd">
<html xmlns="http://www.w3.org/1999/xhtml" xml:lang="en" lang="en">
 <head>
  <title>
</title>
<meta http-equiv="Content-Type" content="text/html;charset=utf-8" />
  <meta name='ocr-system' content='tesseract 3.04.00' />
  <meta name='ocr-capabilities' content='ocr_page ocr_carea ocr_par ocr_line ocrx_word'/>
</head>
<body>
  <div class='ocr_page' id='page_1' title='image "./mtulliiciceroni05lallgoog_0233.png"; bbox 0 0 2550 4175; ppageno 0'>
   <div class='ocr_carea' id='block_1_1' title="bbox 717 257 1842 356">
    <p class='ocr_par' dir='ltr' id='par_1_1' title="bbox 717 257 1842 356">
     <span class='ocr_line' id='line_1_1' title="bbox 717 257 1842 356; baseline 0.005 -29"><span class='ocrx_word' id='word_1_1' title='bbox 717 271 1137 328; x_wconf 66' lang='lat' dir='ltr'><strong>crtonts</strong></span> <span class='ocrx_word' id='word_1_2' title='bbox 1186 257 1286 328; x_wconf 88' lang='grc' dir='ltr'><strong>ΙΙ.</strong></span> <span class='ocrx_word' id='word_1_3' title='bbox 1332 258 1410 330; x_wconf 88' lang='lat' dir='ltr'><strong>L.</strong></span> <span class='ocrx_word' id='word_1_4' title='bbox 1463 260 1593 331; x_wconf 90' lang='lat' dir='ltr'><strong>IV.</strong></span> <span class='ocrx_word' id='word_1_5' title='bbox 1686 280 1842 356; x_wconf 84' lang='lat'><strong>227</strong></span> 
     </span>
    </p>
   </div>
   <div class='ocr_carea' id='block_1_2' title="bbox 464 371 1849 2943">
    <p class='ocr_par' dir='ltr' id='par_1_2' title="bbox 465 371 1849 1978">
     <span class='ocr_line' id='line_1_2' title="bbox 671 371 1842 457; baseline 0 -22"><span class='ocrx_word' id='word_1_6' title='bbox 671 393 777 457; x_wconf 63' lang='lat' dir='ltr'><strong>{ue</strong></span> <span class='ocrx_word' id='word_1_7' title='bbox 804 371 951 433; x_wconf 85' lang='lat' dir='ltr'><strong>fiunt</strong></span> <span class='ocrx_word' id='word_1_8' title='bbox 975 417 996 447; x_wconf 90' lang='lat'><strong>,</strong></span> <span class='ocrx_word' id='word_1_9' title='bbox 1024 395 1057 434; x_wconf 89' lang='lat' dir='ltr'><strong>a</strong></span> <span class='ocrx_word' id='word_1_10' title='bbox 1092 371 1171 435; x_wconf 92' lang='lat' dir='ltr'><strong>C.</strong></span> <span class='ocrx_word' id='word_1_11' title='bbox 1201 373 1394 436; x_wconf 87' lang='lat' dir='ltr'><strong>Verre</strong></span> <span class='ocrx_word' id='word_1_12' title='bbox 1435 394 1510 437; x_wconf 86' lang='lat' dir='ltr'><strong>ex</strong></span> <span class='ocrx_word' id='word_1_13' title='bbox 1545 374 1652 436; x_wconf 76' lang='lat' dir='ltr'><strong>suis</strong></span> <span class='ocrx_word' id='word_1_14' title='bbox 1685 392 1842 437; x_wconf 89' lang='lat' dir='ltr'><strong>tem-</strong></span> 
     </span>
     <span class='ocr_line' id='line_1_3' title="bbox 662 452 1844 536; baseline 0 -21"><span class='ocrx_word' id='word_1_15' title='bbox 662 476 730 515; x_wconf 89' lang='lat' dir='ltr'><strong>ac</strong></span> <span class='ocrx_word' id='word_1_16' title='bbox 765 454 994 515; x_wconf 84' lang='lat' dir='ltr'><strong>sedibus</strong></span> <span class='ocrx_word' id='word_1_17' title='bbox 1026 452 1143 515; x_wconf 82' lang='lat' dir='ltr'><strong>effe</strong></span> <span class='ocrx_word' id='word_1_18' title='bbox 1165 455 1462 515; x_wconf 86' lang='lat' dir='ltr'>sublatam.</span> <span class='ocrx_word' id='word_1_19' title='bbox 1488 457 1613 536; x_wconf 89' lang='lat' dir='ltr'><strong>Qui</strong></span> <span class='ocrx_word' id='word_1_20' title='bbox 1645 477 1844 516; x_wconf 86' lang='lat' dir='ltr'><strong>acces-</strong></span> 
     </span>
     <span class='ocr_line' id='line_1_4' title="bbox 597 533 1842 607; baseline 0.002 -13"><span class='ocrx_word' id='word_1_21' title='bbox 597 561 617 594; x_wconf 78' lang='lat'><strong>,-</strong></span> <span class='ocrx_word' id='word_1_22' title='bbox 642 533 871 595; x_wconf 85' lang='lat' dir='ltr'><strong>Ennam</strong></span> <span class='ocrx_word' id='word_1_23' title='bbox 893 579 913 607; x_wconf 91' lang='lat'>‚</span> <span class='ocrx_word' id='word_1_24' title='bbox 954 533 1171 594; x_wconf 81' lang='lat' dir='ltr'><strong>vidistis</strong></span> <span class='ocrx_word' id='word_1_25' title='bbox 1207 536 1571 595; x_wconf 86' lang='lat' dir='ltr'><strong>simulacrum</strong></span> <span class='ocrx_word' id='word_1_26' title='bbox 1607 534 1842 597; x_wconf 81' lang='lat' dir='ltr'><strong>Cereris</strong></span> 
     </span>
     <span class='ocr_line' id='line_1_5' title="bbox 557 614 1840 697; baseline 0.001 -21"><span class='ocrx_word' id='word_1_27' title='bbox 557 635 842 676; x_wconf 78' lang='lat' dir='ltr'><strong>marmore</strong></span> <span class='ocrx_word' id='word_1_28' title='bbox 872 658 893 688; x_wconf 89' lang='lat'><strong>,</strong></span> <span class='ocrx_word' id='word_1_29' title='bbox 929 614 995 675; x_wconf 87' lang='lat'>&amp;</span> <span class='ocrx_word' id='word_1_30' title='bbox 1025 617 1085 674; x_wconf 89' lang='lat' dir='ltr'><strong>in</strong></span> <span class='ocrx_word' id='word_1_31' title='bbox 1124 615 1309 676; x_wconf 89' lang='lat' dir='ltr'><strong>altero</strong></span> <span class='ocrx_word' id='word_1_32' title='bbox 1342 616 1568 697; x_wconf 87' lang='lat' dir='ltr'><strong>templo</strong></span> <span class='ocrx_word' id='word_1_33' title='bbox 1597 660 1617 690; x_wconf 95' lang='lat'><strong>‚</strong></span> <span class='ocrx_word' id='word_1_34' title='bbox 1659 616 1840 677; x_wconf 85' lang='lat' dir='ltr'><strong>Libe·-</strong></span> 
     </span>
     <span class='ocr_line' id='line_1_6' title="bbox 519 693 1849 778; baseline 0.001 -22"><span class='ocrx_word' id='word_1_35' title='bbox 519 718 555 756; x_wconf 71' lang='lat' dir='ltr'><strong>e</strong></span> <span class='ocrx_word' id='word_1_36' title='bbox 576 717 593 756; x_wconf 70' lang='grc' dir='ltr'><strong>ε</strong></span> <span class='ocrx_word' id='word_1_37' title='bbox 615 694 743 756; x_wconf 87' lang='lat' dir='ltr'><strong>sunt</strong></span> <span class='ocrx_word' id='word_1_38' title='bbox 760 715 829 756; x_wconf 87' lang='lat' dir='ltr'><strong>ea</strong></span> <span class='ocrx_word' id='word_1_39' title='bbox 852 714 1052 775; x_wconf 85' lang='lat' dir='ltr'><strong>peram</strong></span> <span class='ocrx_word' id='word_1_40' title='bbox 1097 693 1151 755; x_wconf 91' lang='lat' dir='ltr'><strong>la</strong></span> <span class='ocrx_word' id='word_1_41' title='bbox 1172 740 1192 771; x_wconf 94' lang='lat'><strong>,</strong></span> <span class='ocrx_word' id='word_1_42' title='bbox 1216 712 1389 778; x_wconf 89' lang='lat' dir='ltr'><strong>atque</strong></span> <span class='ocrx_word' id='word_1_43' title='bbox 1409 698 1678 777; x_wconf 82' lang='lat' dir='ltr'><strong>praeclara</strong></span> <span class='ocrx_word' id='word_1_44' title='bbox 1699 741 1720 770; x_wconf 90' lang='lat'>‚</span> <span class='ocrx_word' id='word_1_45' title='bbox 1744 696 1849 759; x_wconf 86' lang='lat' dir='ltr'><strong>sed</strong></span> 
     </span>
     <span class='ocr_line' id='line_1_7' title="bbox 481 715 1842 872; baseline 0.001 -35"><span class='ocrx_word' id='word_1_46' title='bbox 481 797 598 837; x_wconf 70' lang='lat' dir='ltr'><strong>aon</strong></span> <span class='ocrx_word' id='word_1_47' title='bbox 638 778 721 837; x_wconf 89' lang='lat' dir='ltr'><strong>ita</strong></span> <span class='ocrx_word' id='word_1_48' title='bbox 764 778 1016 853; x_wconf 84' lang='lat' dir='ltr'><strong>antiqua.</strong></span> <span class='ocrx_word' id='word_1_49' title='bbox 1054 715 1161 836; x_wconf 45' lang='grc' dir='ltr'><strong>,ἐκ</strong></span> <span class='ocrx_word' id='word_1_50' title='bbox 1217 797 1334 838; x_wconf 83' lang='lat' dir='ltr'><strong>aere</strong></span> <span class='ocrx_word' id='word_1_51' title='bbox 1378 777 1483 838; x_wconf 89' lang='lat' dir='ltr'><strong>fuit</strong></span> <span class='ocrx_word' id='word_1_52' title='bbox 1541 776 1842 872; x_wconf 79' lang='lat' dir='ltr'>quoddam</span> 
     </span>
     <span class='ocr_line' id='line_1_8' title="bbox 468 856 1839 940; baseline -0.001 -20"><span class='ocrx_word' id='word_1_53' title='bbox 468 856 709 920; x_wconf 68' lang='lat' dir='ltr'><strong>modica</strong></span> <span class='ocrx_word' id='word_1_54' title='bbox 746 856 1122 937; x_wconf 86' lang='lat' dir='ltr'><strong>amplitudine</strong></span> <span class='ocrx_word' id='word_1_55' title='bbox 1150 902 1170 931; x_wconf 92' lang='lat'>,</span> <span class='ocrx_word' id='word_1_56' title='bbox 1208 878 1275 918; x_wconf 86' lang='lat' dir='ltr'><strong>ac</strong></span> <span class='ocrx_word' id='word_1_57' title='bbox 1312 857 1582 940; x_wconf 74' lang='lat' dir='ltr'><strong>singulari</strong></span> <span class='ocrx_word' id='word_1_58' title='bbox 1612 877 1796 937; x_wconf 87' lang='lat' dir='ltr'><strong>opere</strong></span> <span class='ocrx_word' id='word_1_59' title='bbox 1818 902 1839 931; x_wconf 89' lang='lat'>‚</span> 
     </span>
     <span class='ocr_line' id='line_1_9' title="bbox 472 936 1842 1020; baseline 0.001 -23"><span class='ocrx_word' id='word_1_60' title='bbox 472 945 609 997; x_wconf 73' lang='lat' dir='ltr'><strong>etim</strong></span> <span class='ocrx_word' id='word_1_61' title='bbox 639 936 859 997; x_wconf 84' lang='lat' dir='ltr'><strong>facibus</strong></span> <span class='ocrx_word' id='word_1_62' title='bbox 877 941 1333 1020; x_wconf 61' lang='lat' dir='ltr'><strong>,perantiquum</strong></span> <span class='ocrx_word' id='word_1_63' title='bbox 1358 983 1378 1013; x_wconf 87' lang='lat'><strong>,</strong></span> <span class='ocrx_word' id='word_1_64' title='bbox 1404 941 1667 999; x_wconf 86' lang='lat' dir='ltr'><strong>omnium</strong></span> <span class='ocrx_word' id='word_1_65' title='bbox 1701 938 1842 999; x_wconf 89' lang='lat' dir='ltr'><strong>illo-</strong></span> 
     </span>
     <span class='ocr_line' id='line_1_10' title="bbox 470 1017 1844 1098; baseline 0.001 -22"><span class='ocrx_word' id='word_1_66' title='bbox 470 1037 601 1077; x_wconf 82' lang='lat' dir='ltr'><strong>rum</strong></span> <span class='ocrx_word' id='word_1_67' title='bbox 627 1062 647 1090; x_wconf 84' lang='lat'>‚</span> <span class='ocrx_word' id='word_1_68' title='bbox 682 1038 809 1098; x_wconf 82' lang='lat' dir='ltr'><strong>quae</strong></span> <span class='ocrx_word' id='word_1_69' title='bbox 851 1017 978 1077; x_wconf 88' lang='lat' dir='ltr'><strong>sunt</strong></span> <span class='ocrx_word' id='word_1_70' title='bbox 1011 1019 1072 1077; x_wconf 90' lang='lat' dir='ltr'><strong>in</strong></span> <span class='ocrx_word' id='word_1_71' title='bbox 1113 1038 1189 1078; x_wconf 85' lang='lat' dir='ltr'><strong>eo</strong></span> <span class='ocrx_word' id='word_1_72' title='bbox 1232 1018 1372 1079; x_wconf 85' lang='lat' dir='ltr'><strong>fano</strong></span> <span class='ocrx_word' id='word_1_73' title='bbox 1401 1062 1422 1093; x_wconf 88' lang='lat'><strong>,</strong></span> <span class='ocrx_word' id='word_1_74' title='bbox 1466 1020 1654 1078; x_wconf 76' lang='lat' dir='ltr'><strong>multo</strong></span> <span class='ocrx_word' id='word_1_75' title='bbox 1687 1020 1844 1078; x_wconf 87' lang='lat' dir='ltr'><strong>anti-</strong></span> 
     </span>
     <span class='ocr_line' id='line_1_11' title="bbox 470 1097 1842 1179; baseline 0.001 -23"><span class='ocrx_word' id='word_1_76' title='bbox 470 1099 847 1179; x_wconf 82' lang='lat' dir='ltr'><strong>quissimum:</strong></span> <span class='ocrx_word' id='word_1_77' title='bbox 890 1097 951 1157; x_wconf 86' lang='lat' dir='ltr'><strong>id</strong></span> <span class='ocrx_word' id='word_1_78' title='bbox 979 1097 1191 1158; x_wconf 89' lang='lat' dir='ltr'><strong>sustulit</strong></span> <span class='ocrx_word' id='word_1_79' title='bbox 1217 1120 1236 1171; x_wconf 92' lang='lat'>;</span> <span class='ocrx_word' id='word_1_80' title='bbox 1267 1120 1337 1159; x_wconf 85' lang='lat' dir='ltr'><strong>ac</strong></span> <span class='ocrx_word' id='word_1_81' title='bbox 1360 1116 1559 1159; x_wconf 87' lang='lat' dir='ltr'><strong>tamen</strong></span> <span class='ocrx_word' id='word_1_82' title='bbox 1584 1118 1660 1158; x_wconf 88' lang='lat' dir='ltr'><strong>eo</strong></span> <span class='ocrx_word' id='word_1_83' title='bbox 1687 1119 1842 1159; x_wconf 84' lang='lat' dir='ltr'><strong>con-</strong></span> 
     </span>
     <span class='ocr_line' id='line_1_12' title="bbox 468 1176 1843 1251; baseline -0.001 -13"><span class='ocrx_word' id='word_1_84' title='bbox 468 1193 666 1239; x_wconf 84' lang='lat' dir='ltr'><strong>tentus</strong></span> <span class='ocrx_word' id='word_1_85' title='bbox 703 1199 827 1238; x_wconf 85' lang='lat' dir='ltr'><strong>non</strong></span> <span class='ocrx_word' id='word_1_86' title='bbox 872 1176 1000 1238; x_wconf 84' lang='lat' dir='ltr'><strong>fuit.</strong></span> <span class='ocrx_word' id='word_1_87' title='bbox 1041 1178 1205 1239; x_wconf 85' lang='lat' dir='ltr'><strong>Ante</strong></span> <span class='ocrx_word' id='word_1_88' title='bbox 1243 1179 1432 1240; x_wconf 83' lang='lat' dir='ltr'><strong>aedem</strong></span> <span class='ocrx_word' id='word_1_89' title='bbox 1473 1176 1707 1240; x_wconf 83' lang='lat' dir='ltr'><strong>Cereris</strong></span> <span class='ocrx_word' id='word_1_90' title='bbox 1731 1222 1751 1251; x_wconf 92' lang='lat'>,</span> <span class='ocrx_word' id='word_1_91' title='bbox 1779 1181 1843 1237; x_wconf 84' lang='lat' dir='ltr'><strong>in</strong></span> 
     </span>
     <span class='ocr_line' id='line_1_13' title="bbox 468 1255 1846 1354; baseline -0.003 -35"><span class='ocrx_word' id='word_1_92' title='bbox 468 1279 505 1319; x_wconf 80' lang='lat' dir='ltr'><strong>a</strong></span> <span class='ocrx_word' id='word_1_93' title='bbox 548 1275 676 1320; x_wconf 91' lang='lat' dir='ltr'><strong>erto</strong></span> <span class='ocrx_word' id='word_1_94' title='bbox 704 1305 728 1331; x_wconf 92' lang='lat'>,</span> <span class='ocrx_word' id='word_1_95' title='bbox 751 1278 817 1318; x_wconf 89' lang='lat' dir='ltr'><strong>ac</strong></span> <span class='ocrx_word' id='word_1_96' title='bbox 844 1259 1157 1339; x_wconf 87' lang='lat' dir='ltr'><strong>propatulo</strong></span> <span class='ocrx_word' id='word_1_97' title='bbox 1184 1258 1325 1321; x_wconf 89' lang='lat' dir='ltr'><strong>loco</strong></span> <span class='ocrx_word' id='word_1_98' title='bbox 1356 1261 1518 1354; x_wconf 74' lang='lat' dir='ltr'><strong>signa</strong></span> <span class='ocrx_word' id='word_1_99' title='bbox 1539 1257 1658 1317; x_wconf 87' lang='lat' dir='ltr'><strong>duo</strong></span> <span class='ocrx_word' id='word_1_100' title='bbox 1679 1255 1846 1327; x_wconf 87' lang='lat' dir='ltr'>sunt,</span> 
     </span>
     <span class='ocr_line' id='line_1_14' title="bbox 531 1337 1843 1419; baseline -0.003 -18"><span class='ocrx_word' id='word_1_101' title='bbox 531 1341 705 1401; x_wconf 83' lang='lat' dir='ltr'><strong>eteris</strong></span> <span class='ocrx_word' id='word_1_102' title='bbox 759 1359 939 1399; x_wconf 88' lang='lat' dir='ltr'><strong>unum</strong></span> <span class='ocrx_word' id='word_1_103' title='bbox 963 1382 984 1412; x_wconf 89' lang='lat'>‚</span> <span class='ocrx_word' id='word_1_104' title='bbox 1027 1338 1272 1400; x_wconf 81' lang='lat' dir='ltr'><strong>alterum</strong></span> <span class='ocrx_word' id='word_1_105' title='bbox 1328 1337 1728 1419; x_wconf 71' lang='lat' dir='ltr'><strong>Triptolemi,</strong></span> <span class='ocrx_word' id='word_1_106' title='bbox 1775 1337 1843 1397; x_wconf 76' lang='grc' dir='ltr'><strong>δι</strong></span> 
     </span>
     <span class='ocr_line' id='line_1_15' title="bbox 468 1415 1843 1502; baseline -0.002 -23"><span class='ocrx_word' id='word_1_107' title='bbox 468 1419 858 1502; x_wconf 84' lang='lat' dir='ltr'><strong>pulcherrima</strong></span> <span class='ocrx_word' id='word_1_108' title='bbox 884 1464 906 1494; x_wconf 88' lang='lat'>‚</span> <span class='ocrx_word' id='word_1_109' title='bbox 949 1419 1016 1480; x_wconf 90' lang='lat'>&amp;</span> <span class='ocrx_word' id='word_1_110' title='bbox 1066 1419 1370 1501; x_wconf 85' lang='lat' dir='ltr'><strong>perampla</strong></span> <span class='ocrx_word' id='word_1_111' title='bbox 1405 1440 1420 1479; x_wconf 73' lang='grc' dir='ltr'><em>τ</em></span> <span class='ocrx_word' id='word_1_112' title='bbox 1456 1419 1543 1479; x_wconf 89' lang='lat' dir='ltr'><strong>his</strong></span> <span class='ocrx_word' id='word_1_113' title='bbox 1583 1415 1843 1499; x_wconf 88' lang='lat' dir='ltr'><strong>pulchri·-</strong></span> 
     </span>
     <span class='ocr_line' id='line_1_16' title="bbox 466 1496 1844 1583; baseline -0.002 -24"><span class='ocrx_word' id='word_1_114' title='bbox 466 1499 617 1561; x_wconf 86' lang='lat' dir='ltr'><strong>tudo</strong></span> <span class='ocrx_word' id='word_1_115' title='bbox 648 1500 908 1583; x_wconf 86' lang='lat' dir='ltr'><strong>periculo</strong></span> <span class='ocrx_word' id='word_1_116' title='bbox 930 1544 950 1573; x_wconf 92' lang='lat'>,</span> <span class='ocrx_word' id='word_1_117' title='bbox 973 1500 1296 1581; x_wconf 84' lang='lat' dir='ltr'><strong>amplitudo</strong></span> <span class='ocrx_word' id='word_1_118' title='bbox 1316 1498 1480 1561; x_wconf 88' lang='lat' dir='ltr'><strong>saluti</strong></span> <span class='ocrx_word' id='word_1_119' title='bbox 1511 1497 1620 1559; x_wconf 89' lang='lat' dir='ltr'><strong>fuit</strong></span> <span class='ocrx_word' id='word_1_120' title='bbox 1643 1541 1664 1572; x_wconf 88' lang='lat'><strong>,</strong></span> <span class='ocrx_word' id='word_1_121' title='bbox 1683 1496 1844 1579; x_wconf 70' lang='lat' dir='ltr'><strong>quod</strong></span> 
     </span>
     <span class='ocr_line' id='line_1_17' title="bbox 468 1579 1846 1677; baseline -0.001 -37"><span class='ocrx_word' id='word_1_122' title='bbox 468 1597 678 1641; x_wconf 84' lang='lat' dir='ltr'><strong>eorum</strong></span> <span class='ocrx_word' id='word_1_123' title='bbox 724 1580 1029 1642; x_wconf 85' lang='lat' dir='ltr'><strong>demolitio</strong></span> <span class='ocrx_word' id='word_1_124' title='bbox 1062 1625 1085 1655; x_wconf 92' lang='lat'><strong>,</strong></span> <span class='ocrx_word' id='word_1_125' title='bbox 1123 1599 1304 1677; x_wconf 75' lang='lat' dir='ltr'><strong>atque</strong></span> <span class='ocrx_word' id='word_1_126' title='bbox 1337 1579 1650 1663; x_wconf 79' lang='lat' dir='ltr'>asportatio</span> <span class='ocrx_word' id='word_1_127' title='bbox 1703 1597 1846 1659; x_wconf 83' lang='lat' dir='ltr'><strong>per-</strong></span> 
     </span>
     <span class='ocr_line' id='line_1_18' title="bbox 466 1656 1841 1723; baseline -0.001 -3"><span class='ocrx_word' id='word_1_128' title='bbox 466 1659 715 1722; x_wconf 82' lang='lat' dir='ltr'><strong>difficilis</strong></span> <span class='ocrx_word' id='word_1_129' title='bbox 739 1660 1082 1723; x_wconf 81' lang='lat' dir='ltr'><strong>videbatur:</strong></span> <span class='ocrx_word' id='word_1_130' title='bbox 1109 1660 1404 1723; x_wconf 74' lang='lat' dir='ltr'><strong>insistebat</strong></span> <span class='ocrx_word' id='word_1_131' title='bbox 1419 1664 1480 1721; x_wconf 83' lang='lat' dir='ltr'><strong>in</strong></span> <span class='ocrx_word' id='word_1_132' title='bbox 1504 1680 1679 1720; x_wconf 83' lang='lat' dir='ltr'><strong>manu</strong></span> <span class='ocrx_word' id='word_1_133' title='bbox 1717 1656 1841 1719; x_wconf 82' lang='lat' dir='ltr'><strong>Ce-</strong></span> 
     </span>
     <span class='ocr_line' id='line_1_19' title="bbox 465 1736 1843 1820; baseline -0.002 -20"><span class='ocrx_word' id='word_1_134' title='bbox 465 1743 610 1802; x_wconf 84' lang='lat' dir='ltr'><strong>reris</strong></span> <span class='ocrx_word' id='word_1_135' title='bbox 652 1741 855 1801; x_wconf 84' lang='lat' dir='ltr'><strong>dextra</strong></span> <span class='ocrx_word' id='word_1_136' title='bbox 889 1740 1255 1800; x_wconf 81' lang='lat' dir='ltr'><strong>simulacrum</strong></span> <span class='ocrx_word' id='word_1_137' title='bbox 1293 1739 1675 1820; x_wconf 69' lang='lat' dir='ltr'><strong>pulcherrime</strong></span> <span class='ocrx_word' id='word_1_138' title='bbox 1717 1736 1843 1799; x_wconf 87' lang='lat' dir='ltr'>fac-</span> 
     </span>
     <span class='ocr_line' id='line_1_20' title="bbox 466 1815 1840 1900; baseline -0.001 -20"><span class='ocrx_word' id='word_1_139' title='bbox 466 1836 597 1880; x_wconf 82' lang='lat' dir='ltr'><strong>tum</strong></span> <span class='ocrx_word' id='word_1_140' title='bbox 646 1819 924 1881; x_wconf 67' lang='lat' dir='ltr'><strong>vietoriae</strong></span> <span class='ocrx_word' id='word_1_141' title='bbox 965 1839 981 1877; x_wconf 88' lang='lat'>:</span> <span class='ocrx_word' id='word_1_142' title='bbox 1016 1817 1131 1877; x_wconf 90' lang='lat' dir='ltr'><strong>hoc</strong></span> <span class='ocrx_word' id='word_1_143' title='bbox 1168 1818 1271 1879; x_wconf 85' lang='lat' dir='ltr'><strong>iste</strong></span> <span class='ocrx_word' id='word_1_144' title='bbox 1315 1839 1349 1879; x_wconf 89' lang='lat' dir='ltr'><strong>e</strong></span> <span class='ocrx_word' id='word_1_145' title='bbox 1398 1821 1568 1900; x_wconf 82' lang='lat' dir='ltr'><strong>signo</strong></span> <span class='ocrx_word' id='word_1_146' title='bbox 1607 1815 1840 1878; x_wconf 72' lang='lat' dir='ltr'><strong>Cereris</strong></span> 
     </span>
     <span class='ocr_line' id='line_1_21' title="bbox 469 1896 1726 1978; baseline -0.003 -18"><span class='ocrx_word' id='word_1_147' title='bbox 469 1900 845 1960; x_wconf 85' lang='lat' dir='ltr'><strong>avellendum</strong></span> <span class='ocrx_word' id='word_1_148' title='bbox 868 1942 888 1971; x_wconf 92' lang='lat'><strong>,</strong></span> <span class='ocrx_word' id='word_1_149' title='bbox 917 1896 1442 1978; x_wconf 80' lang='lat' dir='ltr'><strong>asportandumque</strong></span> <span class='ocrx_word' id='word_1_150' title='bbox 1482 1900 1726 1957; x_wconf 78' lang='lat' dir='ltr'><strong>curavit.</strong></span> 
     </span>
    </p>

    <p class='ocr_par' dir='ltr' id='par_1_3' title="bbox 464 1973 1844 2445">
     <span class='ocr_line' id='line_1_22' title="bbox 553 1973 1844 2058; baseline -0.002 -18"><span class='ocrx_word' id='word_1_151' title='bbox 553 1979 627 2040; x_wconf 89' lang='lat' dir='ltr'><strong>L.</strong></span> <span class='ocrx_word' id='word_1_152' title='bbox 667 1979 794 2058; x_wconf 88' lang='lat' dir='ltr'><strong>Qui</strong></span> <span class='ocrx_word' id='word_1_153' title='bbox 828 1977 1067 2038; x_wconf 86' lang='lat' dir='ltr'><strong>tandem</strong></span> <span class='ocrx_word' id='word_1_154' title='bbox 1102 1975 1256 2037; x_wconf 81' lang='lat' dir='ltr'><strong>istius</strong></span> <span class='ocrx_word' id='word_1_155' title='bbox 1296 1978 1519 2037; x_wconf 87' lang='lat' dir='ltr'><strong>animus</strong></span> <span class='ocrx_word' id='word_1_156' title='bbox 1572 1973 1656 2037; x_wconf 87' lang='lat' dir='ltr'><strong>est</strong></span> <span class='ocrx_word' id='word_1_157' title='bbox 1694 1996 1844 2038; x_wconf 87' lang='lat' dir='ltr'><strong>nunc</strong></span> 
     </span>
     <span class='ocr_line' id='line_1_23' title="bbox 464 2056 1842 2143; baseline -0.004 -21"><span class='ocrx_word' id='word_1_158' title='bbox 464 2061 528 2122; x_wconf 85' lang='lat' dir='ltr'><strong>in</strong></span> <span class='ocrx_word' id='word_1_159' title='bbox 569 2061 975 2143; x_wconf 80' lang='lat' dir='ltr'><strong>recognitione</strong></span> <span class='ocrx_word' id='word_1_160' title='bbox 1026 2057 1304 2120; x_wconf 87' lang='lat' dir='ltr'><strong>scelerum</strong></span> <span class='ocrx_word' id='word_1_161' title='bbox 1344 2056 1575 2118; x_wconf 86' lang='lat' dir='ltr'><strong>suorum</strong></span> <span class='ocrx_word' id='word_1_162' title='bbox 1595 2101 1615 2132; x_wconf 93' lang='lat'><strong>,</strong></span> <span class='ocrx_word' id='word_1_163' title='bbox 1653 2075 1842 2141; x_wconf 86' lang='lat' dir='ltr'><strong>-quum</strong></span> 
     </span>
     <span class='ocr_line' id='line_1_24' title="bbox 466 2141 1774 2284; baseline -0.002 -2"><span class='ocrx_word' id='word_1_164' title='bbox 466 2141 1840 2284; x_wconf 43' lang='grc' dir='ltr'><strong>ἓξὲξῗῃῑῑῑςοέςῑζῖῖὲῗοτεξεᾚ</strong></span> 
     </span>
     <span class='ocr_line' id='line_1_25' title="bbox 465 2246 1841 2445; baseline -0.004 -79"><span class='ocrx_word' id='word_1_165' title='bbox 465 2246 725 2445; x_wconf 57' lang='lat' dir='ltr'><strong>{orporle</strong></span> <span class='ocrx_word' id='word_1_166' title='bbox 763 2300 1201 2443; x_wconf 41' lang='lat' dir='ltr'><strong>gerberte-scam</strong></span> <span class='ocrx_word' id='word_1_167' title='bbox 1228 2265 1464 2442; x_wconf 58' lang='lat' dir='ltr'><strong>{llyenit</strong></span> <span class='ocrx_word' id='word_1_168' title='bbox 1503 2302 1685 2439; x_wconf 68' lang='grc' dir='ltr'><strong>ιειτὰιῐιτ</strong></span> <span class='ocrx_word' id='word_1_169' title='bbox 1699 2300 1841 2360; x_wconf 84' lang='lat' dir='ltr'><strong>mihi</strong></span> 
     </span>
    </p>

    <p class='ocr_par' dir='ltr' id='par_1_4' title="bbox 466 2400 1847 2927">
     <span class='ocr_line' id='line_1_26' title="bbox 528 2400 1837 2459; baseline -0.002 -15"><span class='ocrx_word' id='word_1_170' title='bbox 528 2406 628 2459; x_wconf 85' lang='lat' dir='ltr'><strong>m,</strong></span> <span class='ocrx_word' id='word_1_171' title='bbox 699 2405 795 2444; x_wconf 83' lang='lat' dir='ltr'><strong>oct</strong></span> <span class='ocrx_word' id='word_1_172' title='bbox 892 2403 997 2445; x_wconf 69' lang='grc' dir='ltr'><strong>τοι</strong></span> <span class='ocrx_word' id='word_1_173' title='bbox 1057 2404 1183 2444; x_wconf 86' lang='lat' dir='ltr'><strong>oms</strong></span> <span class='ocrx_word' id='word_1_174' title='bbox 1292 2402 1378 2443; x_wconf 75' lang='lat' dir='ltr'><strong>ius</strong></span> <span class='ocrx_word' id='word_1_175' title='bbox 1423 2403 1483 2441; x_wconf 88' lang='lat' dir='ltr'><strong>m</strong></span> <span class='ocrx_word' id='word_1_176' title='bbox 1522 2400 1837 2441; x_wconf 81' lang='lat' dir='ltr'><strong>menem:</strong></span> 
     </span>
     <span class='ocr_line' id='line_1_27' title="bbox 466 2403 1837 2558; baseline -0.002 -32"><span class='ocrx_word' id='word_1_177' title='bbox 466 2464 763 2527; x_wconf 80' lang='lat' dir='ltr'><strong>versantur</strong></span> <span class='ocrx_word' id='word_1_178' title='bbox 798 2427 931 2525; x_wconf 68' lang='lat' dir='ltr'><strong>a&#39;nte</strong></span> <span class='ocrx_word' id='word_1_179' title='bbox 973 2403 1176 2525; x_wconf 67' lang='lat' dir='ltr'><strong>ogc¹ulos</strong></span> <span class='ocrx_word' id='word_1_180' title='bbox 1219 2466 1416 2524; x_wconf 85' lang='lat' dir='ltr'><strong>omnia</strong></span> <span class='ocrx_word' id='word_1_181' title='bbox 1441 2484 1472 2558; x_wconf 38' lang='lat' dir='ltr'><strong>,t</strong></span> <span class='ocrx_word' id='word_1_182' title='bbox 1516 2462 1641 2522; x_wconf 86' lang='lat' dir='ltr'><strong>dies</strong></span> <span class='ocrx_word' id='word_1_183' title='bbox 1692 2462 1789 2524; x_wconf 86' lang='lat' dir='ltr'><strong>ille</strong></span> <span class='ocrx_word' id='word_1_184' title='bbox 1816 2506 1837 2536; x_wconf 91' lang='lat'>,</span> 
     </span>
     <span class='ocr_line' id='line_1_28' title="bbox 466 2540 1842 2695; baseline -0.002 -10"><span class='ocrx_word' id='word_1_185' title='bbox 466 2543 1065 2688; x_wconf 51' lang='lat' dir='ltr'><strong>{Ymffizcssefflssffis</strong></span> <span class='ocrx_word' id='word_1_186' title='bbox 1156 2540 1842 2695; x_wconf 52' lang='grc' dir='ltr'><strong>εἶ’ἒᾱῖἶὲἕῗὲἒώἔῖῗὲ</strong></span> 
     </span>
     <span class='ocr_line' id='line_1_29' title="bbox 466 2704 1847 2784; baseline 0 -21"><span class='ocrx_word' id='word_1_187' title='bbox 466 2705 753 2775; x_wconf 65' lang='lat' dir='ltr'><strong>verbenis,</strong></span> <span class='ocrx_word' id='word_1_188' title='bbox 780 2705 1014 2768; x_wconf 81' lang='lat' dir='ltr'><strong>fuerunt</strong></span> <span class='ocrx_word' id='word_1_189' title='bbox 1050 2728 1067 2766; x_wconf 72' lang='grc' dir='ltr'><strong><em>τ</em></strong></span> <span class='ocrx_word' id='word_1_190' title='bbox 1104 2708 1357 2779; x_wconf 87' lang='lat' dir='ltr'><strong>concio,</strong></span> <span class='ocrx_word' id='word_1_191' title='bbox 1407 2704 1847 2784; x_wconf 82' lang='lat' dir='ltr'><strong>conventusque</strong></span> 
     </span>
     <span class='ocr_line' id='line_1_30' title="bbox 471 2785 1846 2927; baseline -0.005 -80"><span class='ocrx_word' id='word_1_192' title='bbox 471 2786 694 2850; x_wconf 76' lang='lat' dir='ltr'><strong>civium</strong></span> <span class='ocrx_word' id='word_1_193' title='bbox 738 2805 758 2847; x_wconf 71' lang='grc' dir='ltr'><strong><em>ε</em></strong></span> <span class='ocrx_word' id='word_1_194' title='bbox 812 2788 877 2849; x_wconf 82' lang='lat' dir='ltr'><strong>in</strong></span> <span class='ocrx_word' id='word_1_195' title='bbox 922 2807 1042 2871; x_wconf 81' lang='lat' dir='ltr'><strong>quo</strong></span> <span class='ocrx_word' id='word_1_196' title='bbox 1105 2805 1223 2869; x_wconf 84' lang='lat' dir='ltr'><strong>ego</strong></span> <span class='ocrx_word' id='word_1_197' title='bbox 1281 2785 1792 2927; x_wconf 73' lang='lat' dir='ltr'><strong>quumKloquerer</strong></span> <span class='ocrx_word' id='word_1_198' title='bbox 1826 2828 1846 2857; x_wconf 84' lang='lat'>,</span> 
     </span>
    </p>

    <p class='ocr_par' dir='ltr' id='par_1_5' title="bbox 1576 2885 1642 2943">
     <span class='ocr_line' id='line_1_31' title="bbox 1576 2885 1642 2943; baseline 0 0"><span class='ocrx_word' id='word_1_199' title='bbox 1576 2885 1642 2943; x_wconf 68' lang='lat' dir='ltr'><strong>v)</strong></span> 
     </span>
    </p>
   </div>
  </div>
 </body>
</html>
