2550 4175
346 383 421 457 242
504 361 566 431 ΙΝ
604 364 838 430 Vrinam

344 477 541 554 diffolutiunes
562 474 668 550 'aediles
691 474 757 538 fadi
781 476 872 549 sunt,
895 471 986 537 fuiss'e.

375 556 454 636 ‚Lx
474 556 670 632 Acerbiprem
688 558 776 630 eriam
787 556 889 629 scitote
906 554 964 618 effe
977 556 1028 622 ,ci-

341 625 479 718 iripatibus
497 633 723 710 falsamistanm'
734 637 767 698 dt
784 638 947 700 simulatam
963 657 1030 701 eru·

342 719 477 800 ptionem
487 718 597 800 ‚quim
613 719 711 799 siquis
728 717 804 779 clam
814 716 942 799 surripiat
954 762 964 790 ‚
978 732 1029 780 aut

342 799 445 884 eripiat
455 800 552 881 palam
564 815 652 879 atque
670 796 780 859 auferat
795 820 803 858 ι
818 820 885 859 nam
903 800 1031 878 mrpitu·

342 878 443 941 dinem
460 878 602 941 summam
622 874 679 938 effe
707 880 902 951 arbitrantur,
928 878 1029 939 referri

343 960 374 1022 in
393 959 500 1021 litteras
539 958 675 1032 ublicas‚
693 961 788 1039 pretio
813 958 968 1024 addudlam
986 960 1031 1018 ci-

344 1042 491 1116 uitatem,
510 982 543 1102 ἓ
569 1039 665 1129 pretia
684 1046 799 1118 parvo,
821 1061 879 1113 ea,
900 1060 965 1120 quae
982 1060 1031 1100 ac·

343 1118 464 1200 tepillet
487 1140 505 1184 a
526 1118 706 1200 majoribus,
721 1118 915 1193 -vendidille,
944 1136 1031 1200 atque

345 1197 479 1279 alienaffe
499 1221 506 1260 :
530 1200 641 1263 etenim
665 1200 828 1261 mirandum
851 1203 879 1260 in
908 1200 1032 1261 modum

346 1277 447 1342 Graeci
457 1280 543 1354 relius
552 1281 630 1354 iltis,
648 1300 718 1361 quas
731 1302 786 1341 nos
800 1284 1032 1352 contemnimus,

346 1360 535 1442 deluduntur.
561 1360 665 1443 ltaque
687 1359 814 1441 majores
836 1360 924 1421 nostri
948 1360 1034 1420 facili

345 1443 552 1523 patiebantur,
571 1442 633 1502 hanc
653 1439 709 1503 effe
727 1443 936 1523 quamplurima
954 1439 1033 1519 apud

347 1521 442 1583 socios
456 1568 466 1598 ‚
478 1540 510 1583 ut
528 1524 651 1603 irnperio
670 1521 768 1583 nostro
788 1522 875 1604 quim
885 1523 1035 1582 ornatissi-

348 1605 422 1680 mi,
446 1603 699 1681 florentissimique
726 1601 842 1662 effent:
874 1600 952 1680 apud
980 1620 1033 1660 eos

349 1700 470 1758 autern,
486 1702 559 1763 quor
577 1680 733 1762 velligales
744 1726 755 1755 ,
766 1698 815 1741 aut
832 1679 1034 1761 stipendiarios

348 1762 480 1826 fecerant
490 1806 500 1836 ,
509 1778 608 1832 ¹tamen
621 1760 683 1822 hanc
695 1760 915 1843 relinquebant,
928 1778 960 1821 ut
973 1760 1035 1833 illi,

350 1841 451 1923 quibus
469 1861 505 1904 ea
517 1839 644 1922 jucunda
664 1839 727 1904 sunt
740 1887 751 1917 ,
766 1863 832 1923 quae
853 1842 938 1901 nobis
957 1841 1035 1901 levia

348 1922 546 1996 videbantur,
564 1921 706 1984 haberent
721 1923 784 1985 haec
799 1922 1035 1996 oblediamenta‚

353 2002 500 2068 &solatia
516 2001 669 2076 servituris.
728 2070 731 2076 ,

398 2103 465 2168 135.
494 2083 578 2166 Quid
598 2085 772 2147 arbitramini
795 2084 967 2169 Rheginos,
987 2084 1037 2165 qui

352 2164 517 2248 jamscives
537 2164 665 2229 Romani
685 2166 772 2241 sunt,
796 2187 911 2227 merere
936 2165 1037 2236 velle,

353 2261 387 2319 ut
405 2249 444 2317 ab
458 2247 500 2305 eis
515 2266 679 2307 marmorea
698 2247 801 2307 Venus
811 2247 860 2307 illa
871 2245 1037 2306 auferatur?

354 2326 425 2409 quid
447 2323 645 2398 Tarentinos,
672 2343 704 2386 ut
723 2325 873 2406 Europam
900 2328 930 2384 in
952 2340 1037 2384 tauro

354 2403 511 2481 amittant?
532 2420 562 2463 ut
578 2403 736 2485 Satyrum,
755 2409 805 2486 qui
822 2401 899 2484 apud
919 2403 983 2462 illos
1006 2407 1037 2464 in

354 2484 418 2549 aede
435 2481 602 2557 Vpstaeest?
613 2502 644 2545 ut
655 2489 773 2551 cetera.²
790 2484 859 2566 quid
875 2481 1038 2564 Thespien-

354 2563 421 2639 (ει,
436 2579 469 2624 ut
485 2560 636 2644 Cupidinis
656 2566 680 2624 si
701 2586 791 2638 num,
812 2586 867 2645 pro
889 2580 933 2624 ter
956 2566 1038 2646 quod

354 2664 445 2707 unum
461 2641 588 2703 visuntur
604 2586 737 2724 Thessiae
748 2644 758 2704 ἓ
770 2645 839 2726 quid
878 2644 972 2704 nidios
983 2691 993 2720 ,
1005 2662 1038 2705 ut

354 2723 505 2787 Venerem
515 2743 710 2797 marmoream
723 2729 734 2780 l
753 2726 845 2808 quid,
860 2742 892 2784 ut
911 2725 1038 2805 pinam,

356 2795 466 2883 desl
486 2804 556 2895 quid
573 2803 741 2893 Ephesios,
761 2823 794 2872 ut
815 2806 1038 2871 Alexandrum?
