2550 4175
392 395 655 464 Acrrorrrn
677 390 724 463 Il.
750 391 786 463 L.
812 392 877 465 III.
924 410 971 465 21

294 508 345 567 nio
355 504 545 588 ,permisilles
555 552 564 580 ‚
576 525 627 582 ut,
683 524 781 568 antum
788 508 895 581 vellet,
908 506 978 589 pos·

294 603 375 647 ceret
390 608 397 645 a
414 603 552 667 quantum
565 610 647 678 popo
660 588 754 663 cister,
763 587 887 649 auferret
898 610 905 647 ε
917 588 976 649 hoc

294 668 348 725 tibi
363 667 540 727 defensionis
557 669 594 726 ad
608 669 746 746 judicium
761 684 842 727 tuum
856 690 978 749 compa·¹

294 747 398 819 rabac,
414 744 540 808 habuisse
558 763 587 808 te
603 748 728 808 edistum
738 794 748 822 ‚
758 767 976 829 recuperatores

295 827 429 888 daturum
454 829 484 886 in
503 827 679 908 ocluplum?
706 828 736 888 Si
755 829 919 889 mehercule
940 848 977 890 ex

293 911 376 968 omni
393 911 478 989 copia
491 908 652 969 conventria
670 907 839 989 Syracusani
854 954 863 982 ‚
878 909 978 990 splen-

294 988 508 1048 didissimorum
519 1034 529 1062 ,
541 988 864 1071 honestissimourmque
880 991 978 1049 homi·

293 1090 364 1129 num
380 1069 491 1131 faceres
502 1068 677 1150 potestatem
694 1073 822 1143 aratori,
838 1091 898 1130 non
908 1092 979 1131 mo·

294 1151 335 1210 dl)
353 1148 500 1231 rejiciendi
513 1196 523 1224 ‚
536 1149 587 1211 sed
605 1153 692 1211 etiam
709 1149 840 1211 sumendi
856 1169 979 1232 recupe-

294 1248 406 1292 ratores
425 1252 433 1290 :
450 1248 550 1292 tamen
565 1234 623 1291 hoc
633 1252 747 1292 novum
764 1251 856 1312 genus
868 1229 978 1310 injuriae

295 1309 372 1371 ferre
390 1332 479 1372 nemo
497 1310 608 1393 pollet,
624 1328 675 1385 te,
689 1331 779 1391 quum
791 1328 858 1370 tuos
874 1332 979 1371 omnes

296 1388 403 1449 frudus
422 1393 576 1472 publicano
601 1390 781 1464 tradidiffes,
802 1391 835 1451 &
853 1410 916 1451 rem
941 1392 979 1453 de

295 1470 428 1530 manibus
438 1471 589 1546 amisilles‚
601 1489 663 1530 tum
672 1472 752 1530 bona
764 1487 814 1530 tua
826 1489 979 1551 repetere,

295 1571 329 1611 ac
347 1552 479 1632 persequi
493 1552 542 1615 lite
557 1568 644 1633 atque
657 1549 777 1630 judicio.

339 1649 386 1711 33.
407 1632 510 1712 Quum
522 1634 594 1693 verb
612 1633 727 1706 verbo,
741 1630 879 1710 judicium
894 1632 930 1692 sit
948 1635 980 1694 in

295 1710 413 1787 edidlo;
429 1733 461 1773 re
477 1714 595 1794 quidem
609 1714 681 1775 veri
689 1730 806 1774 tuorum
817 1714 977 1788 comitum,

294 1792 445 1854 hominum
459 1797 699 1875 nequissimorum
718 1794 839 1855 collusio
850 1814 916 1853 cum
927 1793 980 1855 de-

295 1878 422 1934 cumanis
434 1920 443 1949 ,
455 1874 537 1935 sociis
556 1876 630 1948 tuis,
646 1891 732 1955 atque
749 1875 824 1934 adeo
836 1895 979 1954 procura·

293 1956 405 2013 toribus
424 1974 432 2011 t
454 1969 552 2014 tamen
567 1954 657 2013 audes
679 1955 762 2013 ullius
777 1952 875 2031 judicii
892 1974 981 2014 men·

294 2034 407 2094 tionem
426 2031 544 2108 facere,
567 2032 721 2115 praesertim
746 2053 835 2115 quum
865 2032 895 2091 id
918 2055 979 2096 non

295 2114 390 2175 modo
413 2117 545 2175 oratione
568 2115 655 2189 meai,
677 2113 726 2174 sed
749 2117 836 2175 etiam
861 2132 892 2175 re
916 2116 979 2196 ipsa

293 2194 467 2256 refellatur?
493 2216 581 2288 quum
611 2197 639 2254 in
669 2198 755 2254 tantis
783 2195 984 2256 incommodis

293 2291 462 2349 aratorum,
475 2275 637 2357 injuriisque
655 2276 899 2348 decumanorum,
913 2278 979 2335 nul·

293 2358 355 2417 lum
376 2377 412 2418 ex
435 2354 488 2418 isto
514 2359 652 2440 praeclaro
676 2355 771 2417 editio
798 2375 859 2415 non
884 2358 978 2416 modo

293 2437 421 2511 fadum,
438 2434 487 2497 sed
501 2458 537 2498 ne
561 2437 735 2560 &ollulamm
756 2437 873 2516 quidem
897 2434 977 2513 judi-

294 2538 371 2579 cium
389 2535 571 2578 invematur.

316 2616 385 2737 ,ἐφ
400 2597 461 2658 Erit
477 2600 613 2661 tamenin
628 2614 754 2659 aratores
765 2598 877 2668 lenior,
889 2596 977 2735 girini

293 2701 325 2738 vr

348 2696 433 2738 etur:
450 2701 538 2755 nam,
559 2682 653 2761 quiin
671 2680 848 2739 decumanos
869 2700 886 2735 o
918 2680 977 2757 upli

294 2756 433 2837 judicium
449 2759 477 2820 se
491 2761 623 2821 daturum
643 2761 755 2831 edixit,
779 2758 858 2816 idem
879 2757 977 2817 habuit

296 2841 326 2895 in
344 2837 438 2897 edidlo
452 2884 463 2910 ,
477 2839 506 2901 se
526 2845 555 2900 in
577 2856 722 2900 aratorem
739 2840 768 2897 in
784 2837 982 2918 quadruplum·
1037 2888 1090 2921 μ,

296 2917 440 2978 daturum.
453 2919 530 3000 Quis
547 2922 622 2980 hunc
636 2921 725 2982 audet
744 2919 843 2997 dict-fre¹
860 2918 1019 3055 Ἦ
