2550 4175
244 339 322 431 '184
408 336 470 403 IN
511 340 749 402 VERREM

266 452 346 512 idum
356 450 464 510 nullum
476 452 541 524 ,sed
552 472 588 510 ne
601 451 706 509 domus
716 446 845 530 quidem
856 447 942 529 pauid

243 471 419 613 iocupletior
429 553 532 612 expers
541 528 746 609 hujusinjuriae
759 533 941 610 reperietur:

246 614 298 693 qui
308 632 396 692 quum
417 615 446 671 in
466 615 633 674 convivium
652 607 802 684 venisset,
820 612 845 670 si
863 609 943 692 quid·

247 713 335 773 quam
354 693 443 752 caelati
456 693 645 773 adspexerat,
668 711 797 752 manum
816 689 943 752 abstine·

247 792 302 846 re,
321 772 457 845 iudicet,
476 796 536 834 non
556 788 681 853 poterat.
701 769 763 832 Cn.
784 769 943 854 Pompeius

248 851 291 914 est
309 853 390 913 Philo
409 900 419 925 ,
439 857 488 934 qui
507 854 561 913 fuit
579 851 807 932 Tyndaritanus
820 872 828 912 ε
843 855 869 912 is
887 873 944 914 coe·

251 954 320 994 nam
332 932 374 993 isti
392 935 478 993 dabat
496 933 690 1015 apudvillam
707 933 738 992 in
760 931 944 1014 Tyndarita-

251 1034 292 1074 no
314 1035 321 1073 ε
341 1013 438 1086 fecit,
465 1015 545 1095 quod
571 1013 659 1074 Siculi
681 1034 748 1073 nom
773 1013 943 1075 audebant:

252 1094 324 1166 ille,
342 1096 411 1154 civis
429 1095 578 1156 Romanus
597 1091 781 1175 quoderat,
799 1096 944 1174 impuuilta

251 1175 284 1272 id
296 1173 325 1235 se
340 1174 479 1235 faiiurum
494 1176 605 1257 putavit
616 1196 626 1233 .·
637 1171 775 1267 apposuit
785 1175 944 1269 patefient,

252 1257 471 1410 rimula
484 1272 712 1396 ultrum
724 1251 945 1417 {lirul

253 1420 351 1490 tium,
369 1416 606 1498 hospitaliumque
623 1414 772 1488 deorum‚·
789 1435 829 1476 ex
851 1416 946 1497 hospi-

254 1499 306 1557 tali
326 1495 424 1560 mensa
445 1497 548 1557 tollere
565 1518 571 1554 :
590 1495 641 1555 sed
656 1513 782 1568 tamen,
799 1496 886 1579 quod
900 1517 946 1556 au·

254 1594 303 1639 tea
329 1578 366 1638 de
389 1576 464 1637 illius
484 1577 653 1637 abstinentia
663 1575 834 1649 dixeram,
856 1577 946 1661 sigillis

255 1659 367 1718 avulsis.
381 1658 524 1738 reliquum
537 1673 689 1738 argentum
708 1658 780 1718 siue·
796 1657 862 1720 ulla
881 1679 946 1722 ava-

255 1739 319 1798 titia
331 1737 464 1799 reddidit.

296 1837 346 1896 49.
370 1818 479 1899 Quid?
499 1817 667 1898 Eupolemo
693 1814 946 1894 0212&an-

257 1901 327 1960 mini
346 1900 459 1974 nobili,
482 1899 667 1961 Lucullorum
687 1897 820 1980 hospiti,
838 1923 875 1962 ac
888 1921 947 1983 per·

258 1980 413 2052 familiari,
432 1983 480 2063 qui
497 2002 572 2041 nunc
593 1979 670 2060 apud
693 1983 867 2044 exercitum
890 1997 947 2042 cunt

258 2061 295 2124 L.
315 2062 436 2124 Lucullo
456 2059 517 2135 est,
537 2083 597 2123 non
617 2059 697 2120 idem
720 2058 794 2123 fecit
814 2066 828 2126 ἓ
860 2083 948 2127 coem·

258 2144 308 2205 bat
322 2144 399 2224 apud
414 2163 501 2203 eum:
520 2159 672 2224 argentum
685 2141 737 2202 ille
750 2160 892 2207 ceterum
901 2164 948 2226 pu-

257 2245 322 2283 rum
340 2222 528 2303 apposuerat,
551 2244 588 2282 ne
611 2242 698 2302 purus
717 2224 783 2303 ipse
802 2226 949 2307 relinque·

257 2321 356 2375 retur;
376 2304 435 2363 duo
452 2303 557 2383 pocula
573 2324 634 2363 nou
651 2320 783 2383 triagna,
800 2322 946 2367 verumta-

258 2404 326 2443 men
341 2405 406 2442 cum
421 2385 617 2445 emblematia
627 2383 705 2456 Hic,
720 2388 809 2463 quasi
821 2385 942 2447 festivum

261 2485 416 2536 acroama,
438 2483 475 2523 ne
495 2466 555 2524 sine
574 2461 730 2524 corollario
753 2464 794 2526 de
815 2468 933 2528 convivi

261 2543 442 2611 discederet,
464 2543 573 2604 ibidem
602 2544 737 2603 convivis
766 2543 931 2625 inspesiam

259 2623 314 2681 bus
327 2668 336 2698 ‚
348 2624 522 2683 emblemata
538 2624 691 2684 avellenda
708 2628 843 2688 curavit.
854 2627 926 2709 Neq

261 2722 318 2784 ego
344 2725 419 2763 nunc
448 2701 523 2763 istius
554 2703 627 2763 faila
653 2706 754 2764 omnia
779 2725 920 2771 enumera

251 2804 354 2843 -eonor
368 2806 374 2841 :
390 2806 427 2844 ne
449 2806 485 2845 ue
500 2806 573 2865 opus
583 2783 624 2844 est
639 2828 648 2855 ‚
665 2804 718 2844 nec
733 2783 800 2847 fieri
814 2789 881 2851 uilo
896 2812 915 2849 n

252 2862 304 2927 -do
324 2863 428 2946 potest.
471 2864 664 2929 antummodo
678 2864 910 2955 uniuscujusque
