2550 4175
373 335 431 399 504
573 318 823 377 Nomina

370 420 456 470 masius
466 418 492 469 &
505 418 617 470 Graevius
630 438 644 470 e
655 421 729 470 tribus
738 419 789 468 mis.
804 416 888 484 quibus
900 413 974 466 etiam
988 432 1057 469 acce·

371 492 431 543 dunt
445 503 496 542 tres
510 507 523 540 e
536 490 629 543 nostris.
642 492 690 543 Alii
701 495 785 560 legunt
800 489 940 548 Herculea,
952 491 982 539 ab
993 492 1057 541 Her·

367 567 447 624 cule,
462 562 530 630 cujus
545 565 569 613 in
584 565 652 615 usum
665 566 753 616 fuerim
771 562 888 630 ejusmodi
902 563 957 611 vasa
970 581 1058 631 magne

368 638 399 689 δι
420 638 541 704 capacia,
561 654 614 705 quae
632 640 695 689 tanti
716 638 798 689 herois
819 636 884 688 sitim
905 634 1059 704 exstinguere

389 710 474 762 offent.
549 750 552 754 ,
642 708 644 711 ’

367 729 387 779 P
412 784 482 841 180,
496 798 520 847 5.
564 784 631 851 nique
641 784 738 835 maximi
742 782 850 851 fiierant.
868 782 907 831 ita
917 781 978 849 legit
996 782 1059 833 Pris-

372 851 473 915 cianus,
489 857 525 907 ita
574 858 712 917 ulieimius,
731 859 758 908 ἃ
772 856 825 923 post
841 872 897 905 eum
915 856 1028 907 Graevius
1044 871 1058 905 ο

371 932 416 981 suo
436 931 521 980 codice
539 932 653 996 optimo,
672 933 711 980 cui
726 931 846 980 accedunt
860 941 912 978 tres
929 946 944 978 e
962 929 1057 980 nostris.

372 1002 441 1055 Male
455 1004 480 1052 in
500 1003 621 1069 vulgatis,
638 1003 677 1068 qui
696 1002 731 1074 Q.
749 1001 856 1051 Maximi
867 999 977 1067 fiserant.
1014 1024 1020 1032 ·

414 1088 483 1139 194,
504 1090 548 1125 20.
568 1074 726 1141 Pracipmm
741 1075 825 1124 oculis.
847 1074 884 1123 ita
897 1074 1057 1125 Graeviani&

373 1148 447 1200 nostri
464 1148 578 1205 codices,
593 1149 666 1215 idque
678 1148 855 1213 preferendum
869 1147 944 1198 visum
960 1148 994 1197 est
1004 1149 1058 1197 vul-

371 1236 432 1293 ·gato
443 1256 451 1281 ,
462 1221 611 1290 perciperent
620 1221 705 1270 oculis.

413 1310 484 1359 299,
501 1311 527 1357 7.
547 1294 618 1344 Nihil
632 1295 715 1343 minis.
733 1294 784 1344 Has
798 1309 894 1349 voces,
912 1310 972 1360 quas
987 1292 1058 1342 omit·

374 1380 430 1419 tunt
445 1368 552 1435 vulgati,
570 1384 601 1416 ex
611 1368 704 1433 optimo
715 1367 757 1417 suo
768 1368 854 1417 codice
870 1366 976 1417 restituit
988 1364 1058 1418 Gra·

375 1442 447 1501 vius,
464 1443 607 1506 servantque
621 1452 672 1491 tres
690 1457 704 1489 e
719 1440 813 1491 nostris.

414 1530 486 1575 215,
509 1528 550 1574 14.
575 1513 648 1585 Quod
663 1510 772 1579 quidem,
796 1512 914 1571 Iudices,
933 1530 1002 1580 quum
1020 1511 1056 1573 ifle

377 1587 437 1637 clam
451 1586 552 1652 feciffet.
570 1586 605 1635 lta
622 1585 730 1637 dedimus
747 1602 761 1635 e
780 1585 925 1636 noiirismff.
938 1595 1056 1653 quatuor,

374 1662 462 1709 melius
475 1659 635 1709 &rotundius
646 1692 654 1716 ,
666 1663 736 1724 quam
749 1660 774 1709 in
788 1659 909 1728 vulgatis,
923 1661 989 1726 quod
1002 1658 1040 1721 iste
1047 1690 1057 1714 ,

376 1731 491 1788 Iudices,
508 1749 574 1798 quum
588 1730 652 1778 clam
661 1730 763 1799 fecfffi'f·

372 1827 375 1833 ·
416 1805 476 1855 ibid.
496 1804 539 1854 26.
560 1804 656 1853 Etenim
668 1805 709 1866 iste
719 1804 845 1875 Agrigenti
869 1805 917 1855 δέ.
939 1804 1009 1855 Hanc
1020 1820 1060 1870 pe·

377 1880 471 1930 nodum
486 1879 544 1927 loco
559 1890 647 1927 motam
659 1877 726 1929 fuisse
742 1879 825 1929 censet
840 1877 1016 1937 Hotomanus,
1035 1877 1059 1927 δι

377 1948 500 2018 aliquanti)
517 1949 624 2017 supernis
635 1953 819 2016 reponendam,
836 1962 963 2018 totamque
977 1967 1059 2017 paren·

378 2027 442 2076 thesi
458 2024 624 2075 includendam
641 2025 693 2091 posi
709 2026 760 2075 haec
777 2025 851 2074 verba
862 2058 870 2083 ,
881 2026 945 2092 quod
955 2024 1057 2092 quidem,

372 2099 491 2158 ludices,
514 2115 580 2165 quum
598 2098 638 2160 iste
656 2099 718 2148 clam
727 2096 821 2165 fecaffet
832 2096 924 2148 ‘etenim
937 2099 980 2162 iste
990 2097 1060 2167 Agri·

377 2173 462 2244 genti,
478 2174 566 2230 credo,
585 2187 685 2238 propter
704 2172 751 2223 ἃς.

417 2246 469 2296 218
482 2279 490 2304 ,
510 2260 545 2305 ς.Κ
554 2243 626 2294 daea
643 2263 731 2304 manu,
746 2244 890 2312 amarique.
903 2244 1062 2296 nacodices.

379 2319 486 2385 Quidam
502 2317 561 2367 editi
577 2316 655 2376 mali,
674 2319 810 2384 amotique.

418 2408 488 2450 220,
508 2405 549 2455 15.
565 2388 653 2439 Caena
666 2389 784 2458 profec'ius
802 2388 857 2457 effen
877 2390 924 2440 frc-
934 2390 1060 2460 Vulgati,

382 2464 489 2514 Catinam
506 2461 622 2529 proficius
643 2463 705 2529 effer.
729 2465 777 2513 Sed
798 2480 812 2514 e
833 2464 985 2524 codicibus,
1006 2479 1063 2531 quos

379 2535 545 2600 inspeximus,
559 2547 609 2584 tres
620 2536 711 2585 habent
727 2536 832 2594 catini,
848 2548 876 2586 ut
890 2537 975 2588 sensus
986 2538 1064 2604 postu·

376 2611 422 2658 iat.
432 2608 530 2657 Furtum
543 2607 606 2655 enim
618 2639 625 2664 ,
636 2609 718 2658 Verre
733 2608 763 2656 ad
772 2611 856 2658 urbem
868 2610 945 2660 stante
957 2644 965 2670 ,
980 2611 1065 2661 fastum

374 2682 480 2740 »fueram
496 2696 576 2747 neque
592 2679 713 2730 absolutio
729 2681 792 2732 iliius
812 2683 893 2743 servi,
911 2684 961 2734 nisi
979 2701 1012 2734 eo
1029 2685 1066 2734 ab·

375 2753 467 2813 iente,
485 2754 568 2820 peragi
583 2754 705 2819 potuisset.

384 2853 389 2868 ³
419 2842 470 2882 221
490 2861 499 2888 ,
531 2843 575 2892 25.
599 2825 723 2900 Virginem
740 2846 769 2880 ac
790 2829 922 2880 mulierum.
949 2830 990 2881 lta
1015 2845 1067 2880 cum

925 2922 1069 2976 Hotomauo
