2550 4175
276 412 328 481 92
452 389 513 457 IN
543 392 773 456 Vrnrrrr

273 522 386 566 ratores
402 501 535 562 daturum
553 522 562 560 t
579 502 734 561 cohortem
748 516 829 559 tuam
847 509 962 581 propoi

275 588 329 645 nis.
344 582 504 643 Scandilius
517 601 580 642 rem
591 581 619 642 se
632 597 726 641 totam
736 578 908 642 relidiurum
918 579 963 639 di·

275 666 314 724 cit
324 709 335 735 ,
347 664 381 723 &
398 662 449 723 suo
464 678 600 742 tempore
612 660 669 722 effe
687 660 859 721 rediturum.
880 658 965 740 Quid

278 762 309 803 tu
325 744 366 802 ibi
390 741 474 802 tum?
489 742 560 823 quid
574 740 663 802 facis?
679 739 911 801 Scandiliumuo
933 741 940 754 '

277 822 359 903 Quid
373 822 582 903 isponsionem
600 839 752 901 acceptam
762 819 861 880 facere
874 821 888 884 ἓ
903 760 967 880 g:

275 904 421 985 pudenter
434 902 514 962 tollis
533 900 728 981 exspestatum
745 897 967 961 existimationis

278 1000 335 1043 tuae
350 981 488 1062 juditium
506 1003 513 1058 ς
532 1003 594 1041 non
607 981 688 1041 facis.

280 1099 284 1106 ·
322 1081 389 1135 140.
413 1061 496 1142 Quid
518 1059 611 1200 erpo?
634 1059 772 1141 Apronio
794 1062 966 1140 permittis,

279 1158 331 1216 ut,
349 1163 422 1222 quos
439 1142 528 1214 velit,
567 1162 583 1201 e
604 1141 724 1201 cohorte
737 1138 829 1200 sumat
841 1145 968 1221 recupe-

278 1221 411 1283 ratores?
425 1219 601 1323 Indignum,
621 1223 670 1279 uni
690 1223 787 1302 potiias
803 1240 843 1281 ex
860 1222 969 1302 iniquis

278 1301 435 1375 sumendi,
459 1322 546 1383 quarn
574 1301 699 1381 utrisque
723 1320 760 1361 ex
786 1302 877 1381 aequis
897 1298 969 1380 reji-

280 1384 376 1443 ciendi
386 1381 448 1443 fieri
459 1379 642 1461 potestatem.
661 1380 805 1441 Neutrum
821 1380 898 1441 facis
919 1401 970 1442 eo·

279 1484 353 1523 rum.
378 1460 462 1542 Quid
477 1461 573 1543 ergo?
594 1460 635 1521 est
658 1460 787 1542 aliquid,
805 1460 890 1541 quod
909 1463 970 1521 im·

191 1589 208 1610 .,
301 1543 398 1602 robiis
414 1540 476 1603 fieri
502 1540 606 1623 potest.
632 1539 722 1623 Cogit
743 1543 821 1601 enim
843 1540 971 1602 Scandi·

279 1564 351 1683 iiunr
378 1624 504 1703 quinque
527 1622 575 1680 illa
603 1621 693 1680 millia
719 1619 873 1681 nummitm
899 1622 971 1685 dare

280 1718 368 1782 atque
384 1700 573 1761 adnumerare
597 1698 744 1778 Apronio.
768 1699 859 1780 Quid
870 1706 971 1781 potuit

281 1782 441 1863 elegantiis
457 1778 554 1841 facere
565 1796 670 1861 praetor
687 1778 808 1859 cupidus
822 1780 972 1843 existima·

280 1864 367 1922 tionis
386 1859 493 1932 bona,
510 1863 559 1942 qui
572 1860 607 1919 ah
624 1858 683 1920 sese
697 1879 817 1920 omnem
829 1859 973 1943 suspicio·

281 1962 350 2004 nem
372 1939 576 2022 propulsaret?
594 1939 687 2022 quise
708 1943 819 2022 eripere
837 1960 875 2003 ex
893 1942 972 2004 infa-

281 2025 342 2083 mia
357 2044 392 2082 cu
414 2021 498 2083 eret?
971 2076 974 2082 ,

285 2160 288 2164 .
322 2043 414 2164 in.
435 2101 587 2162 Adduttus
599 2117 662 2165 erat
677 2104 708 2162 in
718 2101 906 2178 sermonem,
923 2106 974 2165 in-

282 2184 390 2243 vidiam
404 2228 414 2256 ,
426 2183 674 2262 vituperationem
691 2202 698 2239 :
716 2181 856 2241 ditiitarat
874 2184 973 2246 homo

282 2262 432 2342 improbus
450 2279 536 2341 atque
553 2263 702 2341 impurus,
724 2260 899 2341 Apronius,
920 2264 973 2325 so-

282 2345 359 2401 cium
376 2339 434 2402 effe
450 2357 603 2422 praetorem
624 2361 631 2399 :
646 2357 768 2402 venerat
783 2362 829 2402 res
844 2345 876 2403 in
890 2341 975 2422 judi-

283 2425 360 2482 cium
372 2439 463 2501 ,atque
481 2420 629 2480 discrimen
650 2441 658 2479 z
678 2419 803 2501 potestas
821 2439 884 2482 erat
900 2423 975 2498 isti,

283 2501 395 2562 homini
417 2505 556 2583 integro,
582 2517 670 2580 atque
687 2505 857 2575 innocenti,
878 2503 974 2581 data,

283 2584 364 2643 utin
389 2580 554 2660 Apronium
577 2602 666 2660 quum
695 2581 976 2661 animadvertiiset,

283 2659 341 2724 sese
358 2661 525 2742 gravissimi
540 2662 652 2721 levaret
669 2660 795 2722 infamii.
816 2661 903 2741 Quid
920 2686 977 2726 ex-

284 2742 392 2822 cogitat
414 2741 535 2820 poenae?
561 2741 630 2821 quid
660 2742 922 2803 animadversionis
944 2747 977 2808 in

284 2820 484 2901 Apronium?
509 2823 588 2903 cogit
612 2820 788 2885 Scandilium
806 2821 978 2902 Apronio,

284 2902 335 2987 ob·
343 2902 517 2986 singularem
536 2903 776 2987 improbitatem,
800 2918 890 2986 atque
917 2928 979 2970 au·
