2550 4175
300 354 560 423 Acrrours
584 355 635 425 II.
660 354 697 423 L
718 356 779 426 IV.
806 384 808 388 ·
831 377 905 453 213

188 503 192 518 ·
228 466 326 527 dicere
351 488 358 526 :
378 486 436 547 quo
453 467 573 525 nomine
587 466 760 547 appellem,
784 466 910 593 ιιειὶὶοέ

181 591 192 718 t
227 543 908 711 ,thibilttt²hl3²lithll.{lltit

181 737 191 800 Ι
227 706 360 786 spetlati
380 708 475 765 utrum
490 725 526 766 ea
540 723 586 765 res
609 707 647 765 ad
672 726 786 785 opem,
810 731 847 770 an
871 709 909 773 acl

183 823 187 836 ·
228 787 423 847 calamitatem
449 786 626 862 clientium,
651 800 738 867 atque
764 787 909 869 hospitum

181 837 193 966 l
228 866 328 927 valere
349 866 498 928 debebat?
522 887 559 926 an
581 883 614 926 ut
632 866 691 927 hoc
713 864 879 929 ostenderes
895 916 909 945 ,

228 964 332 1007 contra
347 947 410 1007 vim
426 963 504 1006 tuam
516 949 546 1007 in
557 950 688 1027 patronis
700 948 825 1029 praesidii
840 949 909 1012 nihil

181 1005 193 1126 l·
228 1025 308 1088 effe?
327 1030 389 1108 quis
401 1028 458 1088 hoc
473 1049 533 1087 non
547 1028 743 1111 intelligeret,
756 1032 786 1089 in
796 1033 910 1125 impres

181 1091 195 1210 ¹4-
227 1108 259 1169 bi
278 1108 425 1189 praesentis
440 1109 562 1189 imperio
579 1107 727 1190 majorem
743 1109 799 1171 elle
815 1131 877 1173 vrm
895 1164 907 1193 ,

183 1233 187 1244 ,
228 1188 315 1270 quim
335 1192 367 1249 in
380 1189 526 1251 bonorum
543 1189 701 1251 absentium
756 1194 908 1253 trocinio?

227 1290 265 1329 an
278 1269 350 1330 verb
369 1289 405 1329 ex
427 1269 484 1329 hoc
499 1270 548 1329 illa
566 1286 615 1330 tua
631 1212 778 1353 singuliiis
798 1271 910 1353 signifi·

227 1365 307 1409 catur
326 1335 499 1422 insolentia'‚
517 1348 675 1429 superbia,
700 1350 910 1411 contumacia?

181 1394 193 1459 l
228 1428 381 1490 detrahere
397 1429 534 1490 uidelicet
553 1429 661 1510 aliquid
678 1447 708 1490 te
722 1430 760 1489 de
775 1431 911 1511 amplitu-

181 1491 194 1540 l
227 1510 296 1571 dine
325 1508 533 1570 Marcellorum
557 1508 662 1591 putasti
688 1512 812 1591 :itaque
833 1531 910 1571 nunc

185 1577 200 1642 l'
227 1587 389 1671 Siculorum
420 1589 554 1651 Marcelli
583 1612 644 1651 non
658 1588 735 1651 =suut
761 1594 906 1672 patroni:
986 1614 991 1625 ¹

181 1659 193 1702 ¹
225 1670 337 1737 Verres
352 1673 381 1731 in
401 1691 503 1731 eorum
517 1672 616 1732 locum
637 1670 798 1732 substitutus
810 1671 862 1733 est.

181 1721 195 1784 l
238 1792 240 1796 ν
269 1771 318 1831 90.
341 1751 442 1832 Quam
460 1755 491 1812 in
505 1769 535 1813 te
548 1769 658 1813 tantam
676 1755 814 1814 virtutem
827 1752 908 1830 ell'e',

181 1823 195 1888 l
228 1848 277 1893 aut
295 1833 465 1914 dignitatem
483 1834 633 1893 arbitratus
651 1853 703 1907 es,
715 1850 748 1893 ut
767 1855 908 1895 conarere

181 1905 196 1952 Ι
226 1914 391 1974 clientelam
408 1930 469 1971 tarn
486 1911 649 1985 illustrem,
669 1912 910 1992 ramsplendidae

181 1969 197 2064 i
226 1995 387 2075 provinciae
410 1990 592 2051 transducere
609 1991 650 2050 ad
669 2007 700 2051 te
717 2037 729 2062 ,
749 1991 865 2052 auferre
889 2016 909 2054 a

181 2045 198 2111 l
228 2075 390 2135 certissimis
403 2117 413 2147 ,
425 2072 681 2153 antiquissimisque
690 2071 839 2151 patronis?
859 2070 910 2135 Tu

181 2130 199 2193 Ι
226 2155 278 2216 itta
295 2154 433 2225 stultitia,
447 2154 573 2233 aequitii
583 2198 596 2226 ,
607 2153 729 2225 inertia,
743 2173 804 2213 non
816 2153 908 2214 modi>

181 2234 199 2283 ¹·
226 2239 316 2296 totius
338 2234 464 2308 Siciliae,
481 2232 532 2294 sed
549 2235 631 2293 unius
649 2234 809 2293 tenuissimi
820 2232 918 2294 siculi

181 2312 199 2379 ¹.
227 2317 392 2377 clientelam
413 2316 488 2376 tueri
503 2317 614 2396 potes?
631 2315 684 2373 tibi
703 2313 836 2374 Marcelli
855 2312 910 2374 sta·

181 2382 200 2437 *
227 2413 277 2456 tua
293 2419 350 2520 {aro
369 2396 497 2478 patibulo
514 2399 545 2455 in
561 2395 679 2455 clientes
700 2394 909 2457 Marcellorum

181 2475 200 2520 ¹
227 2477 281 2538 fuit
293 2523 299 2537 .
321 2495 352 2538 tu
367 2499 405 2538 ex
420 2479 495 2537 illius
507 2477 621 2537 honore
639 2478 670 2535 in
684 2495 736 2535 eos
742 2477 826 2555 ipsos
837 2521 846 2548 ,
858 2479 908 2557 qui

181 2554 201 2601 'l
227 2559 372 2618 honorem
388 2559 427 2618 illi
444 2558 621 2630 habuerant,
636 2555 773 2637 supplicia
792 2577 908 2638 quaere-

181 2636 202 2683 Ι
226 2638 300 2698 bas?
316 2637 398 2718 Quid
417 2636 537 2719 postea?
553 2636 623 2760 auid
641 2638 759 2698 tandem
778 2640 832 2697 tuis
846 2635 906 2697 sta-

196 2702 203 2761 l
225 2722 282 2778 tuis
301 2717 365 2778 fore
380 2719 572 2779 arbitrabare.
601 2739 638 2777 an
655 2720 729 2777 verb
748 2717 800 2791 id,
825 2720 906 2796 quod

181 2803 203 2845 Ι
226 2797 332 2858 accidit
347 2796 357 2854 i
379 2797 454 2856 Nam
467 2798 660 2878 Tyndaritani
671 2795 790 2855 statuam
800 2796 905 2874 istius,

181 2864 206 2943 ἦ
224 2897 315 2960 quarn
328 2875 381 2936 sibi
390 2894 510 2957 propter
520 2875 808 2952 Marcellos‚altiore
818 2880 907 2954 etiam
