2550 4175
390 400 646 469 Acntoms
670 396 716 467 H.
741 398 779 467 L.
809 401 849 466 V.
899 409 973 492 293

292 513 453 657 {pppicione
471 512 648 596 susceperis?
664 512 782 574 Deinde
795 514 843 573 alii
855 512 979 595 quaestus
1043 513 1046 522 '

357 612 496 670 tuantur,
511 614 548 655 ex
558 613 618 655 uno
630 614 738 677 genere
748 595 842 656 navali
853 639 863 668 ,
876 593 977 658 videte.

293 676 382 759 qndm
390 676 485 744 multi:
495 675 817 757 accipereacivitatibus
846 677 980 747 ecunias,

292 778 332 820 ne
342 774 443 817 nautas
453 755 570 817 darent:
580 758 676 838 pretio
685 772 767 817 certo
775 696 870 815 misius
878 754 976 815 sacere

292 855 395 900 nautas
409 858 416 897 :
430 834 577 897 missorum
592 857 682 897 omne
696 834 869 917 stipendium
885 835 977 894 lucra·

293 921 318 980 ri
329 940 337 980 r
348 918 465 1000 reliquis
475 962 485 989 ‚
495 916 576 997 quod
585 917 726 989 deberet,
737 938 798 977 non
809 915 888 975 dare.
903 915 977 975 Haec

293 1001 393 1060 omnia
406 1018 444 1059 ex
458 1001 607 1058 civitatum
618 996 786 1059 testimoniis
797 994 977 1079 cognoscite.

251 1147 256 1159 ,
292 1078 408 1141 Recita.
425 1076 645 1139 Tasnmonrn
667 1096 873 1140 eruturum.

333 1157 449 1220 XXV.
470 1157 623 1219 Hunccine
640 1159 814 1220 hominem?
832 1158 976 1227 hanccine

293 1237 503 1322 impudentiam
518 1283 528 1312 ‚
551 1237 668 1300 Iudices
683 1238 694 1299 i
716 1239 868 1308 hanccine¹
882 1238 975 1298 auda-

294 1319 394 1382 ciam?
418 1319 601 1392 civitatibus,
620 1340 675 1399 pro
693 1338 817 1378 numero
832 1318 976 1389 militum,

293 1402 481 1482 pecuniarum
505 1397 630 1459 summas
657 1398 842 1459 describere?
863 1413 975 1459 certum

293 1481 420 1563 pretium
431 1526 441 1555 ,
451 1479 641 1541 sexcentenus
657 1499 813 1550 nummos,
825 1494 976 1537 nautarum

293 1563 426 1623 missioni
450 1558 650 1622 constituere?
669 1580 744 1641 quos
762 1560 811 1639 qui
830 1557 975 1632 dederat,

294 1658 492 1706 commeatum
504 1643 592 1701 totius
604 1637 705 1701 aestatis
718 1639 889 1700 abstulerat:
901 1635 974 1713 iste,

334 1723 376 1785 od
398 1720 460 1799 ejus
476 1739 571 1783 nautae
590 1723 708 1782 nomine
732 1743 787 1802 pro
804 1717 975 1800 stipendio,
1067 1788 1069 1792 ,

302 1869 308 1878 ,
340 1801 856 1885 mentoqueacceperat‚lucrabatur.
872 1799 916 1861 Ita
937 1820 975 1861 ue

293 1882 414 1967 quastus
425 1884 533 1965 duplex
549 1885 632 1954 unius
649 1884 785 1943 missione
800 1880 900 1941 fiebat.
915 1822 977 1941 dt-

334 1983 353 2026 e
367 1965 429 2025 haec
443 1964 535 2035 horno
546 1963 753 2023 amentissimus
764 1966 792 2021 in
803 1977 886 2021 tanto
899 1984 978 2042 prae·

293 1985 406 2107 ddnum
419 2047 530 2126 impetu
541 2089 551 2117 ‚
561 2059 704 2124 tantoque
713 2041 841 2124 periculo
851 2045 975 2123 provin·

294 2128 365 2201 ciae,
378 2128 418 2186 sic
433 2127 529 2207 paiam
542 2124 685 2198 faciebat,
699 2139 731 2183 ut
746 2124 778 2185 ὃ(
789 2125 843 2204 ipsi
854 2124 975 2204 prado·

293 2226 346 2269 nes
358 2207 461 2269 scirent
473 2251 486 2280 ,
502 2208 534 2268 &
544 2222 608 2266 tota
617 2207 767 2286 provincia
780 2202 858 2265 testis
871 2202 952 2266 effer.

334 2287 384 2368 63.
405 2286 509 2368 Quum
527 2304 650 2369 propter
665 2285 740 2347 istius
765 2285 839 2345 hanc
863 2301 972 2346 tantam

293 2369 443 2431 avaritiam
455 2413 464 2443 ,
476 2371 595 2428 nomine
613 2367 709 2428 classis
726 2364 796 2428 esset
813 2368 843 2426 in
856 2365 973 2441 Sicilia,

293 2468 326 2509 re
344 2448 463 2532 quidem
483 2448 555 2511 verai
572 2468 663 2509 naves
682 2451 800 2519 inanes,
815 2468 878 2527 quae
895 2471 973 2530 prae-

294 2528 362 2589 dam
373 2588 376 2593 ,
387 2531 525 2607 praetori,
542 2549 603 2588 non
621 2550 684 2610 quae
702 2527 884 2610 pradonibus
905 2551 974 2590 me-

293 2623 357 2668 tum
370 2606 522 2677 afferrent:
534 2626 632 2669 tamen
642 2653 653 2681 ,
663 2630 753 2690 quum
769 2607 802 2668 P.
816 2607 972 2684 Caesetius,

294 2687 329 2747 &
344 2686 375 2747 P.
386 2686 495 2748 Tadius
515 2689 619 2750 decem
634 2691 756 2751 navibus
776 2690 819 2748 his
835 2689 974 2771 semiple-

294 2769 338 2826 nis
359 2769 547 2848 nauigarent,
568 2790 676 2830 navem
694 2769 848 2850 quamdam
865 2772 974 2848 pirata·

293 2866 359 2909 rum
380 2846 479 2926 praedd
502 2848 638 2910 refertam
654 2869 715 2908 non
735 2866 896 2928 ceperunt,
923 2851 973 2911 sed

293 2926 499 3002 abduxerunt,
512 2948 601 2994 onere
619 2931 670 2993 suo
685 2929 770 3010 plane
783 2944 895 3071 cpptam
909 2976 918 3005 ‚
931 2949 976 2991 at-

845 3032 874 3090 ll]
