<?xml version="1.0" encoding="UTF-8"?>
<!DOCTYPE html PUBLIC "-//W3C//DTD XHTML 1.0 Transitional//EN"
    "http://www.w3.org/TR/xhtml1/DTD/xhtml1-transitional.dtd">
<html xmlns="http://www.w3.org/1999/xhtml" xml:lang="en" lang="en">
 <head>
  <title>
</title>
<meta http-equiv="Content-Type" content="text/html;charset=utf-8" />
  <meta name='ocr-system' content='tesseract 3.04.00' />
  <meta name='ocr-capabilities' content='ocr_page ocr_carea ocr_par ocr_line ocrx_word'/>
</head>
<body>
  <div class='ocr_page' id='page_1' title='image "./mtulliiciceroni05lallgoog_0294.png"; bbox 0 0 2550 4175; ppageno 0'>
   <div class='ocr_carea' id='block_1_1' title="bbox 385 388 895 465">
    <p class='ocr_par' dir='ltr' id='par_1_1' title="bbox 385 388 895 465">
     <span class='ocr_line' id='line_1_1' title="bbox 385 388 895 465; baseline -0.02 1"><span class='ocrx_word' id='word_1_1' title='bbox 385 391 459 465; x_wconf 75' lang='lat'>288</span> <span class='ocrx_word' id='word_1_2' title='bbox 556 388 617 459; x_wconf 78' lang='lat' dir='ltr'>IN</span> <span class='ocrx_word' id='word_1_3' title='bbox 659 395 895 458; x_wconf 73' lang='lat' dir='ltr'>Varnnnr</span> 
     </span>
    </p>
   </div>
   <div class='ocr_carea' id='block_1_2' title="bbox 382 501 1069 685">
    <p class='ocr_par' dir='ltr' id='par_1_2' title="bbox 382 501 1069 685">
     <span class='ocr_line' id='line_1_2' title="bbox 382 501 1069 585; baseline -0.006 -19"><span class='ocrx_word' id='word_1_4' title='bbox 382 506 471 567; x_wconf 83' lang='lat' dir='ltr'>athis</span> <span class='ocrx_word' id='word_1_5' title='bbox 480 526 541 565; x_wconf 91' lang='lat' dir='ltr'>non</span> <span class='ocrx_word' id='word_1_6' title='bbox 555 505 649 566; x_wconf 79' lang='lat' dir='ltr'>modi&gt;</span> <span class='ocrx_word' id='word_1_7' title='bbox 663 501 826 585; x_wconf 82' lang='lat' dir='ltr'>imperasti:</span> <span class='ocrx_word' id='word_1_8' title='bbox 841 506 942 564; x_wconf 80' lang='lat' dir='ltr'>verbm</span> <span class='ocrx_word' id='word_1_9' title='bbox 957 502 1069 578; x_wconf 74' lang='lat' dir='ltr'>etiam,</span> 
     </span>
     <span class='ocr_line' id='line_1_3' title="bbox 423 582 1068 685; baseline -0.005 -38"><span class='ocrx_word' id='word_1_10' title='bbox 423 585 443 647; x_wconf 82' lang='lat' dir='ltr'>b</span> <span class='ocrx_word' id='word_1_11' title='bbox 467 586 531 667; x_wconf 85' lang='lat' dir='ltr'>plus</span> <span class='ocrx_word' id='word_1_12' title='bbox 562 586 686 659; x_wconf 80' lang='lat' dir='ltr'>darem,</span> <span class='ocrx_word' id='word_1_13' title='bbox 709 582 797 685; x_wconf 53' lang='lat' dir='ltr'>quint</span> <span class='ocrx_word' id='word_1_14' title='bbox 824 600 980 665; x_wconf 84' lang='lat' dir='ltr'><strong>poterant,</strong></span> <span class='ocrx_word' id='word_1_15' title='bbox 1005 584 1068 644; x_wconf 88' lang='lat' dir='ltr'>haec</span> 
     </span>
    </p>
   </div>
   <div class='ocr_carea' id='block_1_3' title="bbox 336 664 1069 2913">
    <p class='ocr_par' dir='ltr' id='par_1_3' title="bbox 378 664 1069 1711">
     <span class='ocr_line' id='line_1_4' title="bbox 395 664 1068 747; baseline -0.006 -20"><span class='ocrx_word' id='word_1_16' title='bbox 395 685 523 747; x_wconf 85' lang='lat' dir='ltr'>exagena</span> <span class='ocrx_word' id='word_1_17' title='bbox 540 666 628 727; x_wconf 85' lang='lat' dir='ltr'>millia</span> <span class='ocrx_word' id='word_1_18' title='bbox 639 665 792 738; x_wconf 89' lang='lat' dir='ltr'>modium,</span> <span class='ocrx_word' id='word_1_19' title='bbox 805 684 868 745; x_wconf 84' lang='lat' dir='ltr'>quae</span> <span class='ocrx_word' id='word_1_20' title='bbox 884 664 1068 726; x_wconf 82' lang='lat' dir='ltr'>Mamertinis</span> 
     </span>
     <span class='ocr_line' id='line_1_5' title="bbox 382 743 1069 827; baseline -0.003 -20"><span class='ocrx_word' id='word_1_21' title='bbox 382 744 548 822; x_wconf 75' lang='lat' dir='ltr'>remiseras,</span> <span class='ocrx_word' id='word_1_22' title='bbox 560 746 703 808; x_wconf 85' lang='lat' dir='ltr'>addidisti.</span> <span class='ocrx_word' id='word_1_23' title='bbox 722 743 829 827; x_wconf 85' lang='lat' dir='ltr'>Neque</span> <span class='ocrx_word' id='word_1_24' title='bbox 844 745 903 805; x_wconf 89' lang='lat' dir='ltr'>hoc</span> <span class='ocrx_word' id='word_1_25' title='bbox 918 743 1005 805; x_wconf 79' lang='lat' dir='ltr'>dicor</span> <span class='ocrx_word' id='word_1_26' title='bbox 1016 764 1069 805; x_wconf 88' lang='lat' dir='ltr'>ce·</span> 
     </span>
     <span class='ocr_line' id='line_1_6' title="bbox 381 822 1068 907; baseline -0.006 -19"><span class='ocrx_word' id='word_1_27' title='bbox 381 827 451 888; x_wconf 82' lang='lat' dir='ltr'>teris</span> <span class='ocrx_word' id='word_1_28' title='bbox 468 848 529 887; x_wconf 84' lang='lat' dir='ltr'>non</span> <span class='ocrx_word' id='word_1_29' title='bbox 548 825 625 888; x_wconf 61' lang='lat' dir='ltr'>reiis</span> <span class='ocrx_word' id='word_1_30' title='bbox 643 829 817 907; x_wconf 86' lang='lat' dir='ltr'>imperatum</span> <span class='ocrx_word' id='word_1_31' title='bbox 837 822 893 887; x_wconf 81' lang='lat' dir='ltr'>effe</span> <span class='ocrx_word' id='word_1_32' title='bbox 910 845 918 883; x_wconf 74' lang='grc' dir='ltr'><strong><em>ε</em></strong></span> <span class='ocrx_word' id='word_1_33' title='bbox 938 824 1068 885; x_wconf 85' lang='lat' dir='ltr'>Mamer·</span> 
     </span>
     <span class='ocr_line' id='line_1_7' title="bbox 379 902 1066 988; baseline -0.001 -22"><span class='ocrx_word' id='word_1_34' title='bbox 379 907 473 980; x_wconf 71' lang='lat' dir='ltr'>einis,</span> <span class='ocrx_word' id='word_1_35' title='bbox 490 909 636 988; x_wconf 83' lang='lat' dir='ltr'>quierant</span> <span class='ocrx_word' id='word_1_36' title='bbox 657 907 690 964; x_wconf 87' lang='lat' dir='ltr'>in</span> <span class='ocrx_word' id='word_1_37' title='bbox 705 904 810 967; x_wconf 85' lang='lat' dir='ltr'>eadem</span> <span class='ocrx_word' id='word_1_38' title='bbox 832 902 938 977; x_wconf 84' lang='lat' dir='ltr'>causa,</span> <span class='ocrx_word' id='word_1_39' title='bbox 960 904 1066 987; x_wconf 85' lang='lat' dir='ltr'>quibus</span> 
     </span>
     <span class='ocr_line' id='line_1_8' title="bbox 380 985 1066 1066; baseline -0.007 -16"><span class='ocrx_word' id='word_1_40' title='bbox 380 985 542 1066; x_wconf 77' lang='lat' dir='ltr'>superiores</span> <span class='ocrx_word' id='word_1_41' title='bbox 569 1005 673 1047; x_wconf 87' lang='lat' dir='ltr'>omnes</span> <span class='ocrx_word' id='word_1_42' title='bbox 693 1001 833 1066; x_wconf 82' lang='lat' dir='ltr'>praetores</span> <span class='ocrx_word' id='word_1_43' title='bbox 850 988 944 1058; x_wconf 86' lang='lat' dir='ltr'>item,</span> <span class='ocrx_word' id='word_1_44' title='bbox 962 1002 994 1045; x_wconf 88' lang='lat' dir='ltr'>ut</span> <span class='ocrx_word' id='word_1_45' title='bbox 1016 1003 1066 1045; x_wconf 89' lang='lat' dir='ltr'>ce·</span> 
     </span>
     <span class='ocr_line' id='line_1_9' title="bbox 380 1065 1064 1149; baseline -0.001 -23"><span class='ocrx_word' id='word_1_46' title='bbox 380 1068 472 1139; x_wconf 85' lang='lat' dir='ltr'>teris,</span> <span class='ocrx_word' id='word_1_47' title='bbox 488 1069 686 1149; x_wconf 84' lang='lat' dir='ltr'>imperarant,</span> <span class='ocrx_word' id='word_1_48' title='bbox 702 1068 854 1146; x_wconf 85' lang='lat' dir='ltr'>pecuniam</span> <span class='ocrx_word' id='word_1_49' title='bbox 876 1084 913 1126; x_wconf 90' lang='lat' dir='ltr'>ue</span> <span class='ocrx_word' id='word_1_50' title='bbox 929 1071 967 1125; x_wconf 80' lang='lat' dir='ltr'>ex</span> <span class='ocrx_word' id='word_1_51' title='bbox 981 1065 1064 1133; x_wconf 59' lang='lat' dir='ltr'>senar·</span> 
     </span>
     <span class='ocr_line' id='line_1_10' title="bbox 380 1086 1064 1228; baseline -0.001 -21"><span class='ocrx_word' id='word_1_52' title='bbox 380 1146 579 1221; x_wconf 88' lang='lat' dir='ltr'>tusconsulto‚</span> <span class='ocrx_word' id='word_1_53' title='bbox 596 1148 629 1207; x_wconf 89' lang='lat'>&amp;</span> <span class='ocrx_word' id='word_1_54' title='bbox 653 1165 690 1206; x_wconf 89' lang='lat' dir='ltr'>ex</span> <span class='ocrx_word' id='word_1_55' title='bbox 710 1146 776 1228; x_wconf 83' lang='lat' dir='ltr'>lege</span> <span class='ocrx_word' id='word_1_56' title='bbox 795 1086 979 1207; x_wconf 70' lang='lat' dir='ltr'>diffiiveranr</span> <span class='ocrx_word' id='word_1_57' title='bbox 993 1189 1005 1220; x_wconf 90' lang='lat'>‚</span> <span class='ocrx_word' id='word_1_58' title='bbox 1020 1145 1064 1207; x_wconf 86' lang='lat' dir='ltr'>his</span> 
     </span>
     <span class='ocr_line' id='line_1_11' title="bbox 380 1224 1065 1298; baseline -0.003 -10"><span class='ocrx_word' id='word_1_59' title='bbox 380 1226 449 1289; x_wconf 83' lang='lat' dir='ltr'>dico</span> <span class='ocrx_word' id='word_1_60' title='bbox 468 1249 529 1288; x_wconf 90' lang='lat' dir='ltr'>non</span> <span class='ocrx_word' id='word_1_61' title='bbox 542 1226 619 1289; x_wconf 59' lang='lat' dir='ltr'>reiis</span> <span class='ocrx_word' id='word_1_62' title='bbox 635 1224 791 1288; x_wconf 78' lang='lat' dir='ltr'>remissum.</span> <span class='ocrx_word' id='word_1_63' title='bbox 811 1224 871 1298; x_wconf 84' lang='lat' dir='ltr'>Et,</span> <span class='ocrx_word' id='word_1_64' title='bbox 882 1242 915 1285; x_wconf 90' lang='lat' dir='ltr'>ut</span> <span class='ocrx_word' id='word_1_65' title='bbox 929 1226 988 1287; x_wconf 90' lang='lat' dir='ltr'>hoc</span> <span class='ocrx_word' id='word_1_66' title='bbox 1011 1225 1065 1286; x_wconf 91' lang='lat' dir='ltr'>be·</span> 
     </span>
     <span class='ocr_line' id='line_1_12' title="bbox 380 1305 1064 1390; baseline -0.006 -20"><span class='ocrx_word' id='word_1_67' title='bbox 380 1306 541 1379; x_wconf 71' lang='lat' dir='ltr'>aeficium,</span> <span class='ocrx_word' id='word_1_68' title='bbox 557 1305 805 1390; x_wconf 80' lang='lat' dir='ltr'>quemadmodum</span> <span class='ocrx_word' id='word_1_69' title='bbox 822 1305 944 1379; x_wconf 88' lang='lat' dir='ltr'>dicitur,</span> <span class='ocrx_word' id='word_1_70' title='bbox 961 1306 1064 1367; x_wconf 84' lang='lat' dir='ltr'>trabali</span> 
     </span>
     <span class='ocr_line' id='line_1_13' title="bbox 380 1385 1064 1469; baseline 0 -21"><span class='ocrx_word' id='word_1_71' title='bbox 380 1388 466 1451; x_wconf 81' lang='lat' dir='ltr'>clavo</span> <span class='ocrx_word' id='word_1_72' title='bbox 486 1386 612 1469; x_wconf 83' lang='lat' dir='ltr'>figeret,</span> <span class='ocrx_word' id='word_1_73' title='bbox 632 1388 839 1448; x_wconf 83' lang='lat' dir='ltr'>cumconsilio</span> <span class='ocrx_word' id='word_1_74' title='bbox 863 1385 975 1447; x_wconf 85' lang='lat' dir='ltr'>causam</span> <span class='ocrx_word' id='word_1_75' title='bbox 994 1385 1064 1448; x_wconf 86' lang='lat' dir='ltr'>Ma·</span> 
     </span>
     <span class='ocr_line' id='line_1_14' title="bbox 379 1466 1064 1551; baseline -0.003 -21"><span class='ocrx_word' id='word_1_76' title='bbox 379 1470 570 1530; x_wconf 87' lang='lat' dir='ltr'>mertinorum</span> <span class='ocrx_word' id='word_1_77' title='bbox 584 1466 754 1551; x_wconf 82' lang='lat' dir='ltr'>cognoscit,</span> <span class='ocrx_word' id='word_1_78' title='bbox 776 1467 858 1528; x_wconf 85' lang='lat' dir='ltr'>&amp;de</span> <span class='ocrx_word' id='word_1_79' title='bbox 878 1466 992 1529; x_wconf 78' lang='lat' dir='ltr'>consilii</span> <span class='ocrx_word' id='word_1_80' title='bbox 1000 1466 1064 1528; x_wconf 88' lang='lat' dir='ltr'>sen·</span> 
     </span>
     <span class='ocr_line' id='line_1_15' title="bbox 378 1546 1063 1612; baseline -0.004 -1"><span class='ocrx_word' id='word_1_81' title='bbox 378 1548 670 1612; x_wconf 79' lang='lat' dir='ltr'>tentiaMamertinis</span> <span class='ocrx_word' id='word_1_82' title='bbox 685 1546 715 1609; x_wconf 87' lang='lat' dir='ltr'>se</span> <span class='ocrx_word' id='word_1_83' title='bbox 733 1546 911 1609; x_wconf 84' lang='lat' dir='ltr'>frumentum</span> <span class='ocrx_word' id='word_1_84' title='bbox 927 1568 989 1609; x_wconf 90' lang='lat' dir='ltr'>non</span> <span class='ocrx_word' id='word_1_85' title='bbox 1008 1551 1063 1611; x_wconf 89' lang='lat' dir='ltr'>im·</span> 
     </span>
     <span class='ocr_line' id='line_1_16' title="bbox 379 1631 672 1711; baseline -0.014 -21"><span class='ocrx_word' id='word_1_86' title='bbox 379 1648 482 1711; x_wconf 88' lang='lat' dir='ltr'>perare</span> <span class='ocrx_word' id='word_1_87' title='bbox 518 1631 672 1690; x_wconf 88' lang='lat' dir='ltr'>ronuntiat.</span> 
     </span>
    </p>

    <p class='ocr_par' dir='ltr' id='par_1_4' title="bbox 336 1650 1063 2834">
     <span class='ocr_line' id='line_1_17' title="bbox 381 1650 1062 1791; baseline 0.001 -23"><span class='ocrx_word' id='word_1_88' title='bbox 381 1753 385 1758; x_wconf 84' lang='lat'><em>-</em></span> <span class='ocrx_word' id='word_1_89' title='bbox 422 1726 470 1789; x_wconf 81' lang='lat'>54.</span> <span class='ocrx_word' id='word_1_90' title='bbox 491 1650 770 1770; x_wconf 63' lang='lat' dir='ltr'>inditadecrerum</span> <span class='ocrx_word' id='word_1_91' title='bbox 789 1709 962 1770; x_wconf 85' lang='lat' dir='ltr'>mercenarii</span> <span class='ocrx_word' id='word_1_92' title='bbox 984 1729 1062 1791; x_wconf 81' lang='lat' dir='ltr'>prae·</span> 
     </span>
     <span class='ocr_line' id='line_1_18' title="bbox 378 1787 1063 1871; baseline -0.001 -21"><span class='ocrx_word' id='word_1_93' title='bbox 378 1791 451 1856; x_wconf 85' lang='lat' dir='ltr'>toris</span> <span class='ocrx_word' id='word_1_94' title='bbox 462 1806 507 1850; x_wconf 83' lang='lat' dir='ltr'>ex</span> <span class='ocrx_word' id='word_1_95' title='bbox 525 1790 613 1870; x_wconf 82' lang='lat' dir='ltr'>ipsius</span> <span class='ocrx_word' id='word_1_96' title='bbox 629 1790 865 1861; x_wconf 78' lang='lat' dir='ltr'>commentari03</span> <span class='ocrx_word' id='word_1_97' title='bbox 885 1790 918 1849; x_wconf 91' lang='lat'>&amp;</span> <span class='ocrx_word' id='word_1_98' title='bbox 936 1787 1063 1871; x_wconf 87' lang='lat' dir='ltr'>cognos-</span> 
     </span>
     <span class='ocr_line' id='line_1_19' title="bbox 377 1867 1062 1952; baseline -0.001 -22"><span class='ocrx_word' id='word_1_99' title='bbox 377 1872 456 1942; x_wconf 77' lang='lat' dir='ltr'>cite,</span> <span class='ocrx_word' id='word_1_100' title='bbox 470 1885 577 1951; x_wconf 84' lang='lat' dir='ltr'>quanta</span> <span class='ocrx_word' id='word_1_101' title='bbox 586 1867 778 1931; x_wconf 87' lang='lat' dir='ltr'>inscribendo</span> <span class='ocrx_word' id='word_1_102' title='bbox 788 1871 937 1952; x_wconf 84' lang='lat' dir='ltr'>gravitas,</span> <span class='ocrx_word' id='word_1_103' title='bbox 975 1887 1062 1929; x_wconf 82' lang='lat' dir='ltr'>uanta</span> 
     </span>
     <span class='ocr_line' id='line_1_20' title="bbox 375 1947 1061 2012; baseline -0.001 -1"><span class='ocrx_word' id='word_1_104' title='bbox 375 1951 406 2012; x_wconf 88' lang='lat' dir='ltr'>in</span> <span class='ocrx_word' id='word_1_105' title='bbox 418 1949 627 2012; x_wconf 66' lang='lat' dir='ltr'>⁴constituendo</span> <span class='ocrx_word' id='word_1_106' title='bbox 642 1947 704 2012; x_wconf 85' lang='lat' dir='ltr'>’ure</span> <span class='ocrx_word' id='word_1_107' title='bbox 723 1952 760 2010; x_wconf 88' lang='lat' dir='ltr'>sit</span> <span class='ocrx_word' id='word_1_108' title='bbox 777 1949 938 2011; x_wconf 70' lang='lat' dir='ltr'>auiioritas.</span> <span class='ocrx_word' id='word_1_109' title='bbox 987 1951 1061 2011; x_wconf 82' lang='lat' dir='ltr'>ecira</span> 
     </span>
     <span class='ocr_line' id='line_1_21' title="bbox 377 2034 1060 2100; baseline -0.006 -5"><span class='ocrx_word' id='word_1_110' title='bbox 377 2034 628 2095; x_wconf 85' lang='lat' dir='ltr'>commentarium.</span> <span class='ocrx_word' id='word_1_111' title='bbox 672 2048 1060 2100; x_wconf 72' lang='lat' dir='ltr'>acnewmrrxcormnrr·</span> 
     </span>
     <span class='ocr_line' id='line_1_22' title="bbox 336 2109 1060 2192; baseline -0.003 -18"><span class='ocrx_word' id='word_1_112' title='bbox 336 2113 338 2117; x_wconf 70' lang='grc'>’</span> <span class='ocrx_word' id='word_1_113' title='bbox 377 2130 498 2180; x_wconf 68' lang='grc' dir='ltr'>τωο.</span> <span class='ocrx_word' id='word_1_114' title='bbox 515 2115 646 2175; x_wconf 78' lang='lat' dir='ltr'>‘Libenter</span> <span class='ocrx_word' id='word_1_115' title='bbox 661 2115 700 2173; x_wconf 85' lang='lat' dir='ltr'>ait</span> <span class='ocrx_word' id='word_1_116' title='bbox 716 2111 745 2173; x_wconf 87' lang='lat' dir='ltr'>se</span> <span class='ocrx_word' id='word_1_117' title='bbox 754 2109 849 2192; x_wconf 63' lang='lat' dir='ltr'>ficere</span> <span class='ocrx_word' id='word_1_118' title='bbox 859 2134 869 2173; x_wconf 92' lang='lat'>.·</span> <span class='ocrx_word' id='word_1_119' title='bbox 879 2113 920 2173; x_wconf 75' lang='lat' dir='ltr'>itt</span> <span class='ocrx_word' id='word_1_120' title='bbox 940 2132 977 2173; x_wconf 87' lang='lat' dir='ltr'>ue</span> <span class='ocrx_word' id='word_1_121' title='bbox 988 2131 1060 2192; x_wconf 89' lang='lat' dir='ltr'>per·</span> 
     </span>
     <span class='ocr_line' id='line_1_23' title="bbox 374 2191 1058 2272; baseline -0.001 -19"><span class='ocrx_word' id='word_1_122' title='bbox 374 2191 480 2254; x_wconf 85' lang='lat' dir='ltr'>scribit.</span> <span class='ocrx_word' id='word_1_123' title='bbox 489 2191 573 2272; x_wconf 86' lang='lat' dir='ltr'>Quid</span> <span class='ocrx_word' id='word_1_124' title='bbox 581 2237 594 2266; x_wconf 84' lang='lat'>,</span> <span class='ocrx_word' id='word_1_125' title='bbox 605 2194 628 2252; x_wconf 88' lang='lat' dir='ltr'>si</span> <span class='ocrx_word' id='word_1_126' title='bbox 643 2193 701 2252; x_wconf 89' lang='lat' dir='ltr'>boc</span> <span class='ocrx_word' id='word_1_127' title='bbox 710 2194 804 2254; x_wconf 86' lang='lat' dir='ltr'>verbo</span> <span class='ocrx_word' id='word_1_128' title='bbox 819 2213 881 2252; x_wconf 90' lang='lat' dir='ltr'>non</span> <span class='ocrx_word' id='word_1_129' title='bbox 934 2212 966 2253; x_wconf 88' lang='lat' dir='ltr'>es</span> <span class='ocrx_word' id='word_1_130' title='bbox 976 2191 1039 2263; x_wconf 74' lang='lat' dir='ltr'>usus</span> <span class='ocrx_word' id='word_1_131' title='bbox 1045 2236 1058 2265; x_wconf 92' lang='lat'>,</span> 
     </span>
     <span class='ocr_line' id='line_1_24' title="bbox 374 2270 1058 2335; baseline -0.001 -2"><span class='ocrx_word' id='word_1_132' title='bbox 374 2273 514 2335; x_wconf 63' lang='lat' dir='ltr'>Histro?</span> <span class='ocrx_word' id='word_1_133' title='bbox 532 2293 586 2335; x_wconf 88' lang='lat' dir='ltr'>nos</span> <span class='ocrx_word' id='word_1_134' title='bbox 598 2271 736 2335; x_wconf 82' lang='lat' dir='ltr'>videlicet</span> <span class='ocrx_word' id='word_1_135' title='bbox 744 2274 867 2333; x_wconf 89' lang='lat' dir='ltr'>invitum</span> <span class='ocrx_word' id='word_1_136' title='bbox 879 2288 909 2331; x_wconf 89' lang='lat' dir='ltr'>te</span> <span class='ocrx_word' id='word_1_137' title='bbox 940 2270 1058 2332; x_wconf 86' lang='lat' dir='ltr'>uaestum</span> 
     </span>
     <span class='ocr_line' id='line_1_25' title="bbox 374 2293 1057 2432; baseline 0.003 -20"><span class='ocrx_word' id='word_1_138' title='bbox 374 2349 472 2417; x_wconf 75' lang='lat' dir='ltr'>facere</span> <span class='ocrx_word' id='word_1_139' title='bbox 491 2351 679 2432; x_wconf 74' lang='lat' dir='ltr'>putaremus?</span> <span class='ocrx_word' id='word_1_140' title='bbox 694 2372 729 2411; x_wconf 84' lang='lat' dir='ltr'>ac</span> <span class='ocrx_word' id='word_1_141' title='bbox 740 2354 774 2412; x_wconf 80' lang='lat' dir='ltr'>de</span> <span class='ocrx_word' id='word_1_142' title='bbox 791 2351 901 2411; x_wconf 83' lang='lat' dir='ltr'>consilii</span> <span class='ocrx_word' id='word_1_143' title='bbox 908 2293 1057 2426; x_wconf 51' lang='lat' dir='ltr'>stercatio.</span> 
     </span>
     <span class='ocr_line' id='line_1_26' title="bbox 366 2428 1056 2506; baseline 0 -12"><span class='ocrx_word' id='word_1_144' title='bbox 366 2431 545 2494; x_wconf 65' lang='lat' dir='ltr'>Praeclarum</span> <span class='ocrx_word' id='word_1_145' title='bbox 570 2434 685 2493; x_wconf 77' lang='lat' dir='ltr'>recitari</span> <span class='ocrx_word' id='word_1_146' title='bbox 709 2430 887 2500; x_wconf 82' lang='lat' dir='ltr'>consilium,</span> <span class='ocrx_word' id='word_1_147' title='bbox 916 2428 1033 2494; x_wconf 76' lang='lat' dir='ltr'>Iudices</span> <span class='ocrx_word' id='word_1_148' title='bbox 1043 2477 1056 2506; x_wconf 92' lang='lat'>,</span> 
     </span>
     <span class='ocr_line' id='line_1_27' title="bbox 374 2508 1057 2576; baseline 0.001 -3"><span class='ocrx_word' id='word_1_149' title='bbox 374 2508 512 2573; x_wconf 71' lang='lat' dir='ltr'>audistis:</span> <span class='ocrx_word' id='word_1_150' title='bbox 537 2512 632 2571; x_wconf 80' lang='lat' dir='ltr'>utrbm</span> <span class='ocrx_word' id='word_1_151' title='bbox 657 2510 742 2572; x_wconf 82' lang='lat' dir='ltr'>vobis</span> <span class='ocrx_word' id='word_1_152' title='bbox 764 2509 919 2576; x_wconf 83' lang='lat' dir='ltr'>consilium</span> <span class='ocrx_word' id='word_1_153' title='bbox 944 2515 1057 2574; x_wconf 83' lang='lat' dir='ltr'>recitari</span> 
     </span>
     <span class='ocr_line' id='line_1_28' title="bbox 372 2589 1055 2671; baseline 0.006 -21"><span class='ocrx_word' id='word_1_154' title='bbox 372 2589 493 2651; x_wconf 86' lang='lat' dir='ltr'>tandem</span> <span class='ocrx_word' id='word_1_155' title='bbox 507 2591 636 2670; x_wconf 85' lang='lat' dir='ltr'>praetoris</span> <span class='ocrx_word' id='word_1_156' title='bbox 650 2589 826 2663; x_wconf 86' lang='lat' dir='ltr'>videbatur,</span> <span class='ocrx_word' id='word_1_157' title='bbox 842 2610 932 2671; x_wconf 86' lang='lat' dir='ltr'>quum</span> <span class='ocrx_word' id='word_1_158' title='bbox 951 2594 1055 2654; x_wconf 84' lang='lat' dir='ltr'>audie·</span> 
     </span>
     <span class='ocr_line' id='line_1_29' title="bbox 373 2670 1055 2753; baseline 0.001 -20"><span class='ocrx_word' id='word_1_159' title='bbox 373 2670 447 2733; x_wconf 83' lang='lat' dir='ltr'>batis</span> <span class='ocrx_word' id='word_1_160' title='bbox 467 2672 585 2731; x_wconf 82' lang='lat' dir='ltr'>nomina</span> <span class='ocrx_word' id='word_1_161' title='bbox 595 2714 608 2743; x_wconf 83' lang='lat'>,</span> <span class='ocrx_word' id='word_1_162' title='bbox 628 2692 665 2731; x_wconf 80' lang='lat' dir='ltr'>an</span> <span class='ocrx_word' id='word_1_163' title='bbox 686 2670 831 2752; x_wconf 85' lang='lat' dir='ltr'>praedonis</span> <span class='ocrx_word' id='word_1_164' title='bbox 848 2672 1055 2753; x_wconf 84' lang='lat' dir='ltr'>improbissimi</span> 
     </span>
     <span class='ocr_line' id='line_1_30' title="bbox 372 2751 813 2834; baseline 0.002 -20"><span class='ocrx_word' id='word_1_165' title='bbox 372 2751 516 2825; x_wconf 85' lang='lat' dir='ltr'>societas,</span> <span class='ocrx_word' id='word_1_166' title='bbox 532 2767 619 2834; x_wconf 84' lang='lat' dir='ltr'>atque</span> <span class='ocrx_word' id='word_1_167' title='bbox 631 2753 783 2812; x_wconf 82' lang='lat' dir='ltr'>comitatus</span> <span class='ocrx_word' id='word_1_168' title='bbox 799 2753 813 2815; x_wconf 80' lang='lat'>‚²</span> 
     </span>
    </p>

    <p class='ocr_par' dir='ltr' id='par_1_5' title="bbox 374 2831 1053 2913">
     <span class='ocr_line' id='line_1_31' title="bbox 374 2831 1053 2913; baseline 0.001 -20"><span class='ocrx_word' id='word_1_169' title='bbox 374 2854 379 2863; x_wconf 88' lang='lat'><em>·</em></span> <span class='ocrx_word' id='word_1_170' title='bbox 416 2851 464 2913; x_wconf 78' lang='lat'>55.</span> <span class='ocrx_word' id='word_1_171' title='bbox 484 2831 529 2893; x_wconf 89' lang='lat' dir='ltr'>En</span> <span class='ocrx_word' id='word_1_172' title='bbox 546 2831 690 2894; x_wconf 75' lang='lat' dir='ltr'>foederum</span> <span class='ocrx_word' id='word_1_173' title='bbox 708 2834 900 2913; x_wconf 83' lang='lat' dir='ltr'>interpretes,</span> <span class='ocrx_word' id='word_1_174' title='bbox 911 2831 1053 2896; x_wconf 82' lang='lat' dir='ltr'>societatis</span> 
     </span>
    </p>
   </div>
   <div class='ocr_carea' id='block_1_4' title="bbox 373 2911 1052 3057">
    <p class='ocr_par' dir='ltr' id='par_1_6' title="bbox 373 2911 1052 3057">
     <span class='ocr_line' id='line_1_32' title="bbox 373 2911 1052 3008; baseline 0 -31"><span class='ocrx_word' id='word_1_175' title='bbox 373 2911 527 2998; x_wconf 73' lang='lat' dir='ltr'>priiores,</span> <span class='ocrx_word' id='word_1_176' title='bbox 549 2913 695 2998; x_wconf 72' lang='lat' dir='ltr'>religionis</span> <span class='ocrx_word' id='word_1_177' title='bbox 713 2912 872 2979; x_wconf 67' lang='lat' dir='ltr'>autores:</span> <span class='ocrx_word' id='word_1_178' title='bbox 895 2933 1052 3008; x_wconf 74' lang='lat' dir='ltr'>numquam</span> 
     </span>
     <span class='ocr_line' id='line_1_33' title="bbox 1022 3013 1051 3057; baseline 0 0"><span class='ocrx_word' id='word_1_179' title='bbox 1022 3013 1051 3057; x_wconf 88' lang='lat' dir='ltr'>rn</span> 
     </span>
    </p>
   </div>
   <div class='ocr_carea' id='block_1_5' title="bbox 0 0 1280 4175">
    <p class='ocr_par' dir='ltr' id='par_1_7' title="bbox 0 0 1280 4175">
     <span class='ocr_line' id='line_1_34' title="bbox 0 0 1280 4175; baseline 0 4"><span class='ocrx_word' id='word_1_180' title='bbox 0 0 1280 4175; x_wconf 95' lang='lat' dir='ltr'> </span> 
     </span>
    </p>
   </div>
  </div>
 </body>
</html>
