2550 4175
340 377 417 461 '412
565 366 785 437 OuArio

338 500 487 547 vocatum.
508 479 590 562 Quid
607 483 769 563 praeterea?
788 482 867 547 fuisse
887 473 1029 568 complu*

338 587 385 628 res
404 579 540 625 armatos.
565 562 649 642 Quid
678 563 777 625 aliud?
798 569 940 627 minatum
967 566 1028 628 effe

339 646 490 707 AEbutium
512 642 647 705 Caecinae.
663 643 745 723 Quid
758 666 815 729 ego
828 647 937 708 dehoc
952 646 1027 709 teste

339 727 455 800 dicam,
473 725 528 786 nisi
554 725 634 799 hoc,
652 724 735 785 Recu
757 745 907 802 eratores,
929 744 961 787 ut
980 729 1028 788 id·

339 809 416 868 circo
437 828 498 867 non
516 809 611 866 minus
633 807 661 866 ei
674 826 721 867 cre
744 810 820 882 atis,
839 809 920 890 qubd
933 809 1027 870 homo

337 891 432 949 minus
445 888 567 948 idoneus
581 887 722 966 habetur:
738 887 788 949 sed
800 888 869 963 ideo
882 890 1027 965 credatis,

337 970 419 1052 qudd
438 989 474 1030 ex
486 968 534 1027 illa
545 985 627 1047 parte
641 968 670 1025 id
685 967 773 1044 dicit,
788 971 870 1051 quod
882 970 925 1031 illi
936 970 1027 1031 causae

336 1051 463 1113 maxime
482 1046 524 1109 est
540 1047 688 1107 alienum?

379 1150 427 1213 25.
440 1128 479 1189 A.
490 1127 668 1203 Terentium
684 1128 757 1190 alter
768 1128 869 1203 testis,
884 1152 949 1192 non
960 1152 1028 1194 mo·

337 1212 378 1273 db
399 1212 549 1273 AEbutium
561 1256 571 1283 ‚
583 1209 632 1270 sed
651 1213 739 1270 etiam
758 1209 880 1292 seipsum
900 1216 995 1295 arguit
1015 1232 1024 1274 t

335 1296 367 1355 in
389 1293 541 1353 AEbutium
558 1292 615 1352 hoc
636 1291 725 1367 dicit,
743 1308 869 1353 armatos
888 1293 1026 1355 homines

337 1373 419 1437 fuisse
435 1396 442 1434 ε
458 1374 495 1434 de
512 1372 652 1433 seautem
669 1372 727 1433 hoc
742 1374 896 1453 praedicat,
917 1374 1027 1437 Antio·

335 1456 393 1517 cho
406 1501 417 1530 ,
431 1455 540 1515 AEbutii
555 1453 660 1527 servo,
670 1452 821 1535 imperaffe
835 1499 845 1529 ,
857 1471 890 1515 ut
906 1456 937 1514 in
957 1454 1027 1517 Cae·

338 1540 436 1600 cinam
448 1536 656 1597 advenientem
677 1556 743 1595 cum
760 1534 839 1596 ferro
858 1537 1026 1598 invaderet.

336 1618 422 1700 Quid
439 1617 542 1698 loquar
559 1615 680 1697 amplius
697 1616 755 1675 hoc
775 1615 812 1677 de
830 1616 978 1677 homine?
994 1619 1026 1679 in

336 1719 426 1781 quem
444 1717 504 1778 ego
524 1696 642 1769 dicere,
660 1717 749 1779 quum
759 1714 879 1778 rogarer
894 1718 911 1756 a
926 1696 1026 1759 Caeci·

335 1801 398 1851 na,
417 1798 574 1857 numquam
589 1776 691 1852 volui,
705 1797 744 1838 ne
756 1797 878 1859 arguere·
887 1778 969 1838 illum
979 1781 1027 1840 rei

335 1859 466 1942 capitalis
479 1858 611 1934 viderer:
625 1857 662 1918 de
675 1879 713 1919 eo
724 1858 826 1918 dubito
838 1879 914 1917 nunc
926 1880 1026 1941 ,quo-

337 1941 429 2003 modo
443 1955 491 2001 aut
508 1940 611 2022 loquar
625 1984 636 2011 ,
652 1957 702 1999 aut
715 1957 846 2013 taceam,
860 1942 972 2021 quumi
994 1939 1025 2003 se

336 2025 395 2085 hoc
409 2022 446 2083 de
459 2021 487 2082 se
498 2019 763 2162 juranffaedicet.
773 2018 893 2079 Deinde
904 2019 940 2081 L.

335 2102 563 2166 liuenonsolum
634 2105 725 2162 utium
743 2123 810 2162 cum
822 2105 937 2162 armatis
951 2102 1026 2165 dixit

335 2185 416 2248 fuiss‘e
431 2185 652 2266 compluribus,
668 2185 772 2244 verum
788 2183 876 2244 etiam
885 2203 954 2243 cum
966 2185 1024 2244 ad-

335 2270 450 2330 vocatis
464 2287 517 2349 per
539 2267 616 2324 aucis
624 2266 664 2324 eb
676 2261 784 2324 veniffe
799 2262 959 2324 Caecinam.
968 2263 1024 2328 De

335 2351 394 2410 huc
411 2368 469 2431 ego
484 2288 556 2408 tede
567 2346 739 2419 detraham3
753 2345 798 2404 cui
812 2345 914 2467 κιξιὲ,
931 2361 1023 2429 atque

335 2449 406 2491 meo
420 2425 504 2502 testi,
521 2444 554 2487 ut
565 2426 710 2501 credatis,
728 2424 861 2507 postulo.

353 2546 356 2551 ·
378 2508 426 2570 26.
448 2507 480 2567 P.
500 2507 658 2568 Memmius
672 2507 782 2567 secutus
795 2506 858 2580 est,
875 2505 926 2585 qui
936 2505 1023 2568 suum

322 2611 397 2651 mon
413 2609 535 2669 pervum
547 2587 720 2648 beneficium
733 2590 980 2648 commemoravit
989 2589 1022 2649 in

336 2674 445 2731 amicos
460 2664 583 2730 Caecinae‘
597 2669 720 2750 ,quibus
733 2667 791 2729 sese
800 2671 879 2729 viam
888 2687 943 2747 per
955 2667 1022 2729 fra-

334 2753 385 2813 tris
404 2751 443 2810 sui
456 2749 578 2811 fundum
593 2748 700 2811 dediss'e
719 2749 808 2823 dixit,
819 2748 877 2830 qud
887 2745 1025 2831 effugere'

334 2830 448 2916 pudent
460 2877 470 2906 ,
481 2854 570 2914 quum
588 2830 677 2893 effent
688 2848 767 2892 metu
784 2849 888 2890 omnes
900 2847 1022 2909 perter-

332 2916 390 2982 rit-i.
409 2914 488 2984 Huic
504 2912 648 3002 ego-testi
662 2915 765 3001 gratias
775 2907 1021 2997 agamffldd&
