2550 4175
435 790 486 841 20
614 770 676 837 Iu
706 772 933 837 Vnnnnnt

432 881 529 943 illusos
544 881 593 955 se,
609 883 642 943 δι
657 882 750 945 irrisos
771 883 808 944 ab
824 881 933 963 judicio
950 881 1109 947 discess'uto

434 963 583 1023 videbant.
606 962 724 1025 Etenim
754 965 836 1047 quod
862 963 931 1040 esset
953 962 1098 1044 judicium

434 1063 524 1123 quum
535 1064 552 1105 e
565 1042 668 1106 Verris
680 1047 866 1127 turpissimo,
883 1046 1109 1128 flagitiosissImo

434 1143 492 1203 que
505 1126 644 1185 comitatu
662 1143 720 1188 tres
738 1144 975 1209 recuperatorum
996 1130 1109 1188 nomin*

432 1200 615 1278 assedissem,
628 1205 739 1268 affeclae
757 1204 858 1282 istius,
875 1227 936 1267 non
955 1229 974 1267 a
989 1223 1077 1288 patre
1096 1229 1109 1269 e

435 1286 551 1360 traditi,
570 1285 655 1348 seda
673 1287 854 1349 meretricula
876 1288 1109 1349 commendati?

480 1383 527 1443 31·
556 1367 671 1450 Agetet
696 1368 833 1429 videlicet
858 1367 968 1429 causam
989 1385 1100 1429 ,arator

428 1447 505 1512 ,nihil
523 1447 577 1508 sibi
596 1448 734 1510 frumenti
752 1449 789 1510 ab
811 1449 840 1509 A
862 1452 947 1511 conio
967 1448 1102 1510 relicium

429 1528 515 1592 bona
527 1528 576 1589 sua
589 1531 677 1589 etiarn
690 1530 820 1611 direpta:
833 1470 860 1589 g
874 1530 1014 1611 pulsatum
1028 1576 1038 1605 ‚
1052 1551 1109 1592 vet

434 1607 625 1691 heratumque
639 1609 749 1671 diceret
765 1633 773 1671 ε
789 1608 955 1671 conferrent
972 1612 1028 1671 viti
1049 1610 1109 1671 bon

436 1692 530 1770 capita
550 1711 557 1749 :
575 1691 612 1752 de
629 1690 827 1752 enuntiatione
847 1690 1036 1773 loquerentur
1045 1694 1107 1753 inte

434 1768 483 1842 se,
502 1792 535 1833 ac
554 1771 592 1832 de
617 1771 814 1844 mulierculis,
831 1772 855 1829 si
874 1791 974 1853 quasa
992 1790 1109 1853 praeton

436 1851 575 1912 abeuntes
597 1850 713 1934 possent
731 1850 950 1933 deprehendere
972 1874 980 1912 ε
1004 1873 1051 1913 res
1073 1874 1109 1935 ag

436 1932 585 1994 videretur
603 1954 611 1992 :
629 1931 786 1995 surrexisset
803 1932 971 2013 Apronius,
983 1954 1065 1995 nova
1078 1934 1109 1995 di

430 2061 433 2065 .
456 2014 528 2072 nitas
539 2012 685 2093 publicani
696 2056 706 2088 ,
721 2035 782 2075 non
791 2028 823 2071 ut
832 2012 1029 2089 decumanus,
1043 2013 1109 2097 Iqua

434 2032 504 2165 foris
524 2094 649 2175 plenus,
669 2116 703 2155 ac
721 2093 870 2175 pulveris;
891 2091 942 2155 sed
967 2100 1109 2178 unguenti

436 2172 562 2246 oblitus,
579 2177 652 2235 vino
663 2220 675 2248 ,
686 2172 844 2257 vigilisque
857 2174 1009 2259 languidus
1024 2199 1032 2236 ε
1051 2198 1109 2237 orn·

434 2254 483 2313 nia
508 2256 603 2334 primo
632 2271 741 2329 motu,
765 2276 800 2316 ac
824 2253 922 2337 spiritu
944 2254 1016 2331 suo,
1034 2260 1098 2318 vini

435 2353 475 2393 un
515 2339 595 2411 enti,
611 2339 742 2418 corporis
761 2336 855 2397 odore
871 2334 1060 2418 compleiiet:
1076 2339 1108 2399 di

436 2354 517 2476 inIeut
532 2417 613 2492 haec,
631 2439 696 2500 quae
705 2416 795 2500 vulgo
806 2416 902 2480 dicere
912 2417 1043 2488 solebat,
1059 2439 1109 2480 nor

434 2493 465 2556 se
484 2496 621 2559 decumas
642 2495 763 2571 emisse,
784 2497 835 2557 sed
849 2497 948 2570 bona,
972 2494 1109 2559 fortunai

457 2595 494 2636 ue
518 2593 664 2637 aratorum
683 2597 691 2636 z
714 2596 775 2636 non
793 2575 822 2636 se
842 2575 1036 2636 decumanum
1063 2579 1109 2640 eII

467 2657 624 2736 proniutn,
646 2654 696 2718 sed
712 2655 839 2718 Verrem
853 2654 993 2728 alterum,
1019 2655 1108 2720 dorni

436 2755 505 2794 num
523 2736 660 2812 illorum,
685 2758 719 2796 ac
741 2752 908 2817 tyrannum.
929 2734 1007 2815 Quae
1029 2757 1109 2817 quun

437 2813 566 2891 dixisset,
586 2818 627 2878 illi
649 2819 704 2880 viri
720 2817 824 2899 optimi
842 2815 880 2877 de
902 2816 1022 2877 cohorte
1042 2819 1109 2881 istiu

435 2895 1109 2978 recuperatores,nondeabsolvendoApronit

436 2974 630 3044 deliberarent
644 2976 721 3053 ,sed
741 2996 922 3060 quererent,
940 2998 974 3039 ec
1017 3000 1036 3038 o
1055 3002 1109 3043 tno

436 3056 477 3127 do
517 3061 653 3132 etitoretn
668 3056 760 3141 ipsum
771 3058 908 3141 Apronio
922 3079 979 3120 con
1001 3079 1109 3122 emnan

433 3157 474 3218 po
498 3153 558 3200 ent.

478 3215 580 3280 XIII.
598 3219 683 3281 Hanc
694 3220 881 3282 tulicentiam
891 3219 1109 3301 diripiendorun

437 3314 581 3364 aratorum
593 3322 684 3387 quum
695 3301 860 3365 decumanis
869 3300 950 3377 ,hoc
968 3297 1009 3363 est
1018 3301 1109 3385 Apro
