2550 4175
348 361 449 431 Puo
474 362 603 431 LEGE
627 362 873 436 Mamm.
899 337 977 460 49²3

301 476 445 537 maiitibus
460 521 470 549 ‚
487 498 542 537 vos
563 498 653 536 unum
677 478 756 538 illum
782 500 819 540 ex
844 479 984 540 omnihus

301 555 442 637 delegistis
456 602 467 633 ‚
483 578 571 639 quem
587 558 668 618 bello
681 561 852 639 predonum
866 580 982 641 praepo·

298 639 419 699 meretis.

341 721 391 791 64.
409 718 477 779 Hoc
495 721 519 778 si
534 742 590 781 vos
609 735 720 781 temere
737 719 860 796 fecistis,
875 722 907 781 &
925 720 984 781 rei·

297 799 422 881 publicae
443 820 545 879 parum
559 800 754 874 consuluistis3
770 802 847 863 telle
862 801 906 861 isti
920 799 982 861 stu·

299 880 348 939 dia
366 878 460 941 vestra
476 879 530 940 suis
548 882 672 941 consiliis
696 902 799 964 regere
817 898 983 943 conantur:

299 963 343 1019 sin
362 977 461 1021 autem
477 983 533 1022 vos
558 963 621 1043 plus
642 979 706 1022 tum
722 966 751 1023 in
771 962 920 1043 republica
938 962 984 1023 vi·

299 1039 402 1101 distis:
420 1062 476 1103 vos
490 1088 500 1113 ,
518 1042 560 1101 his
577 1043 826 1127 repugnantibus,
845 1064 898 1125 per
913 1039 985 1102 vos·

299 1122 441 1203 metipsos
452 1122 621 1203 dignitatem
631 1126 697 1185 huic
709 1127 851 1205 imperio,
861 1124 985 1185 salutem

300 1202 367 1264 orbi
377 1222 515 1263 terrarum
528 1203 677 1276 attulistis3
686 1205 841 1284 aliquando
850 1204 894 1263 isti
903 1207 985 1283 prin·

299 1285 401 1364 cipes,
415 1284 447 1343 &
465 1284 537 1358 sibi,
548 1284 582 1343 &
599 1286 721 1356 ceteris,
738 1285 840 1364 populi
854 1284 985 1344 Romani

299 1366 427 1424 universi
438 1363 600 1423 aulloritati
616 1364 776 1443 parendum
796 1362 854 1423 elle
868 1363 986 1423 fatean-

300 1459 358 1504 tur.
377 1444 478 1525 Atque
491 1447 521 1503 in
538 1444 594 1504 hoc
613 1444 692 1504 bello
714 1443 868 1517 Asiatico,
886 1444 919 1505 &
935 1463 985 1505 re·

301 1528 351 1606 gio
364 1532 381 1599 ,’
391 1547 453 1586 non
472 1524 565 1586 solum
582 1525 709 1584 militaris
722 1525 769 1584 illa
786 1526 901 1597 virtus,
919 1545 985 1603 quae

301 1606 343 1667 est
363 1608 393 1665 in
415 1605 472 1667 Cn.
496 1605 637 1687 Pompeio
658 1606 826 1687 singularis,
849 1604 899 1665 led
921 1606 987 1665 aliae

301 1691 419 1767 quoque
436 1688 558 1749 virtutes
581 1688 668 1747 animi
694 1687 792 1746 multae
812 1687 845 1747 &
869 1705 983 1768 magnae

301 1769 504 1846 requiruntur:
519 1766 634 1829 difficile
653 1767 736 1828 estin
752 1767 845 1841 Asia,
863 1765 985 1842 Cilicia,

302 1846 409 1926 Syria,
424 1848 575 1929 regnisque
595 1850 765 1908 interiorum
780 1851 930 1908 nationum
944 1851 986 1908 ita
1037 1876 1060 1899 a

302 1926 409 1987 versari
434 1925 563 1988 vestrum
589 1928 629 1985 im
670 1945 821 2001 retorem,
852 1945 883 1987 ut
915 1927 987 1988 nihil

303 2008 380 2067 aliud
396 2051 406 2081 ,
424 2007 512 2088 quim
529 2008 567 2068 de
584 2006 622 2067 ho
649 2027 733 2081 e‚ac
753 2007 792 2067 de
808 2008 914 2080 laude,
930 2029 987 2067 eo-

304 2091 396 2170 giret:
409 2085 515 2146 deinde
533 2090 619 2148 etiam
635 2089 660 2146 si
676 2091 726 2168 qui
743 2085 806 2147 sunt
822 2088 936 2168 pudore
950 2111 987 2150 ac

303 2169 495 2248 temperanti&
504 2167 715 2229 moderatiores
729 2212 739 2241 ‚
754 2185 854 2228 tamen
865 2188 917 2227 eos
928 2168 989 2236 elle

303 2249 408 2322 tales,
432 2266 553 2330 propter
577 2247 791 2309 multitudinem
814 2248 987 2330 cupidorum

304 2330 455 2391 hominum
472 2350 561 2391 nemo
581 2330 743 2389 arbitratur.

294 2459 297 2463 .
346 2411 396 2492 65.
411 2409 537 2471 Difficile
550 2408 590 2471 est
602 2409 676 2470 diua
688 2455 698 2483 ‚
712 2409 863 2489 Quirites,
877 2427 988 2488 quanto

305 2492 336 2549 in
367 2493 438 2552 odio
465 2495 551 2552 simus
581 2490 658 2572 apud
686 2508 798 2551 exteras
823 2491 986 2567 nationes,

305 2589 427 2650 propter
446 2593 569 2644 eorum,
586 2593 661 2654 quos
675 2571 712 2631 ad
731 2592 782 2632 eas
793 2591 845 2652 per
862 2572 914 2632 hos
935 2594 988 2632 atr-

306 2670 362 2708 nos
379 2671 444 2709 cum
461 2655 584 2732 imperio
602 2655 757 2726 misimus,
774 2651 890 2732 injurias
906 2675 939 2711 tc
955 2655 989 2713 li·

306 2729 428 2790 bidiues.
443 2729 537 2868 (fiuod
553 2735 629 2790 enim
645 2734 745 2793 farrum
764 2736 869 2812 putatis
889 2735 916 2790 in
934 2734 991 2793 illis¹

306 2812 388 2870 terris
416 2830 454 2868 no
481 2812 518 2872 ris.
551 2808 759 2889 magistratibus
793 2811 955 2894 religiosum
975 2857 988 2884 ‚

307 2910 396 2973 quam
420 2891 570 2973 'civitetem
585 2889 734 2963 laruam,
753 2911 842 2972 quam
867 2894 989 2955 domum
