2550 4175
323 350 393 439 196
485 349 547 415 ΙΝ
585 351 828 415 VERREM

317 465 379 524 nari
395 461 532 522 acerrimb
544 482 589 521 coe
611 462 642 521 it.
655 460 717 521 Ubi
728 461 812 522 videt
829 478 906 522 eum
921 462 1011 525 nihilb

315 545 407 626 magis
425 542 531 613 minis,
551 563 589 622 qu
658 543 794 624 precibus
810 547 1013 624 permoveri3

314 623 436 704 repent&
450 620 601 683 hominem
615 623 653 682 de
670 621 823 705 provincia
842 619 932 703 jubet
944 641 1012 686 ante

314 702 430 765 noeiem
447 701 591 764 decedere
615 724 623 763 ι
644 704 683 762 ait
699 701 729 764 se
747 701 931 784 comperiffe
942 749 956 778 ‚
975 725 1012 766 ex

313 782 375 862 ejus
392 803 486 865 regno
512 786 618 866 piratas
643 785 673 842 in
693 782 821 844 Siciliam
851 781 913 846 ess'e
936 805 1012 848 veu-
1083 767 1089 860 Ι

313 881 404 925 euros.

354 945 404 1022 67.
423 942 488 1004 Rex
501 943 628 1003 maximo
643 957 814 1016 conventu,
831 940 1011 1024 Syracusis,·

313 1027 343 1084 in
360 1025 451 1097 foro,
469 1043 506 1083 ne
523 1025 585 1105 quis
599 1022 676 1082 fortb
694 1042 742 1083 me
761 1025 792 1082 in
808 1025 939 1087 crimine
954 1027 1014 1088 01)--

312 1104 395 1165 sture
415 1102 544 1176 versari,
560 1120 646 1185 atque
660 1101 799 1186 affingere
818 1103 937 1188 aliquid
953 1105 1008 1168 sus·

313 1187 428 1266 picione
444 1184 594 1244 hominum
611 1184 762 1244 arbitretur
775 1228 786 1257 ,
798 1185 832 1243 in
851 1183 925 1247 foro
937 1230 948 1260 ,
961 1188 1007 1248 in·
1080 1201 1083 1210 ⁴

312 1287 422 1347 quam,
437 1262 585 1346 Syracusis
595 1265 694 1338 flens,
712 1285 746 1324 ac
762 1263 839 1324 deos
856 1266 1007 1330 homines·
1080 1281 1082 1286 '

314 1368 371 1430 que
387 1343 549 1407 contestans
560 1390 570 1418 ,
581 1345 705 1439 clamare
724 1345 841 1483 coep‘ilt3
861 1347 1006 1444 candela·

209 1581 214 1586 ,
311 1425 786 1586 ῗῖῗὲἑῗιῗυῖἳᾲἳὲᾟὲἓᾜ
801 1425 1014 1589 tiirfiipii'·

310 1585 749 1747 }{22³‘s⁰02r21235¹¹¹3„„·¹}31232
768 1605 1005 1733 bssbib‘t?

309 1748 342 1807 id
361 1748 416 1808 sibi
437 1745 477 1807 C.
499 1745 626 1806 Verrem
646 1744 785 1806 abstuliffe
804 1767 813 1806 :
833 1747 874 1810 de
899 1717 1003 1814 cetera}

250 1819 253 1826 ¹
309 1827 448 1912 operibus
475 1847 512 1887 ex
535 1847 628 1901 auro,
646 1827 678 1887 ἃ
697 1828 848 1908 gemmis,
869 1832 1004 1912 qua-sua

308 1929 401 1991 penes
418 1907 500 1968 ilium
518 1905 626 1980 efflent,
643 1906 745 1967 senon
762 1906 903 1972 laborare
920 1931 929 1972 ι
945 1913 1003 1976 hoe

311 1991 366 2050 sibi
382 1990 479 2071 eripi,
497 1986 631 2048 miserum
655 1985 711 2048 effe
725 2032 737 2059 ,
765 1987 798 2048 δι
818 1989 1003 2074 indignum:

308 2071 340 2131 id
359 2072 411 2134 etsi
426 2088 511 2131 antea
530 2066 590 2150 jam
608 2084 734 2140 mente,
754 2067 787 2128 &
813 2091 854 2133 co
877 2072 1013 2139 ‘rariore-

306 2151 378 2226 sua,
394 2151 539 2232 fratrisque
551 2149 612 2223 sui,
628 2148 829 2211 consecratum
889 2172 925 2217 et
936 2176 947 2231 3
960 2174 1004 2219 ta.

308 2254 380 2293 men
396 2250 459 2292 tum
472 2230 501 2291 se
520 2233 548 2290 in
563 2232 615 2290 illo
633 2246 782 2291 conventu
799 2233 918 2295 civium
939 2236 1003 2301 Ro-

308 2331 462 2373 manorum
485 2310 574 2384 dare,
598 2311 731 2384 donare,
749 2310 876 2389 dicare,
895 2318 1004 2383 conse·

306 2411 388 2453 crare
409 2390 478 2452 Jovi
495 2388 621 2471 Optimo
634 2390 798 2465 Maximo,
828 2392 1001 2483 testemque

306 2471 398 2553 ipsum
407 2472 513 2533 Jovem
529 2470 584 2532 suae
595 2471 775 2547 voluntaris,
790 2492 827 2534 ac
842 2476 1000 2561 religionis

303 2554 457 2693 adim·
485 2629 564 2711 Quae
592 2632 678 2695 vox?
700 2652 764 2714 quae
784 2631 906 2698 latera?
936 2662 1002 2739 φη

304 2715 381 2776 vires
402 2713 486 2793 hujus
513 2714 596 2773 unius
622 2715 745 2775 criminis
768 2717 1001 2807 'querimoniam

303 2796 417 2939 §oraine
443 2790 576 2856 sustinere
593 2792 605 2855 ἓ
629 2794 702 2889 Rex·
723 2790 918 2876 Antrochus,
941 2806 1014 2901 qui

333 2896 408 2940 eme
425 2890 493 2939 ante
511 2876 613 2941 oeulos
623 2872 905 2945 omarumrrostrum
917 2882 1002 2949 breu-
