2550 4175
290 528 391 596 Pno
416 527 547 594 tros
571 525 811 594 Mamm.
846 524 923 616 485

241 641 389 722 singularis
409 642 530 715 virtus,
556 641 711 700 clarissima
740 638 892 698 auotoritas
914 682 925 713 ,

242 725 358 803 egregia
384 721 499 781 fortuna
522 743 529 780 :
555 721 744 793 dubitabitis,
769 720 925 798 Quirites,

241 805 311 882 quin
326 803 383 861 hoc
401 819 513 860 tantum
530 801 601 861 boni
615 847 625 875 ‚
641 800 721 882 quod
734 801 819 860 vobis
836 823 851 860 a
871 802 934 866 diis,

238 882 451 942 immortalibus
473 880 604 942 oblatum
626 883 659 940 &
683 882 781 939 datum
806 879 846 940 est
857 926 868 953 ,
891 883 923 943 itt

239 982 302 1022 rem
325 963 449 1022 ublicam
462 961 691 1024 conservandam
704 977 788 1041 atque
799 959 926 1042 amplifi·

238 984 361 1102 cantiirm
379 1041 559 1109 conferatis?

281 1121 398 1182 XVII.
421 1122 514 1202 Quod
529 1127 552 1183 si
566 1122 670 1183 Romae
688 1119 746 1184 Cn.
765 1119 923 1203 Pompeius

236 1204 366 1283 privatus
394 1201 464 1264 effer
489 1205 547 1265 hoc
577 1220 711 1285 tempore
724 1225 734 1277 3
756 1218 855 1264 tamen
881 1201 920 1264 ad

237 1299 350 1344 tantum
370 1283 480 1344 bellurn
503 1287 527 1344 is
547 1303 608 1344 erat
635 1285 807 1366 deligendus
832 1301 921 1365 atque

236 1365 393 1426 mittendus
412 1385 420 1423 :
437 1385 534 1434 nunc,
552 1385 643 1447 quum
662 1364 700 1423 ad
716 1384 826 1424 ceteras
846 1364 922 1424 surn-

234 1464 299 1504 mas
325 1445 460 1504 utilitates
486 1445 548 1502 haec
574 1464 692 1524 quoque
719 1447 921 1524 opportunitas

235 1521 434 1606 adjungatur,
452 1539 484 1582 ut
503 1525 533 1582 in
553 1523 586 1582 iis
607 1526 617 1581 i
639 1526 675 1582 sis
686 1524 757 1582 locis
774 1523 849 1583 adsit
864 1568 873 1597 ‚
889 1540 921 1584 ut

234 1605 342 1665 habeat
356 1605 516 1665 exercitum
532 1647 542 1675 ‚
557 1620 587 1661 ut
599 1545 636 1663 εἰ

234 1688 368 1766 accipere
379 1681 472 1744 statim
490 1685 582 1763 possit
599 1706 607 1744 ε
619 1685 690 1764 quid
702 1682 920 1765 exspetiamus?

233 1781 286 1826 aut
303 1788 353 1827 cur
371 1787 454 1839 non,
474 1764 595 1825 ducibus
613 1765 665 1824 diis
681 1765 919 1840 immortalibus,

235 1846 359 1922 eidem,
378 1849 423 1907 cui
440 1861 536 1906 cetera
552 1845 662 1906 summa
678 1867 742 1906 cum
759 1844 848 1907 salute
864 1848 921 1906 rei·

234 1925 358 2069 publicae
375 1925 523 1988 commissa
537 1927 622 2002 sunt,
643 1927 699 1988 hoc
717 1947 834 2010 quoque
854 1927 921 1988 bel·

247 2028 296 2067 um
317 2010 428 2147 reiium
447 2008 675 2067 committimus?

301 2106 327 2149 t.

234 2107 323 2228 sinim
351 2169 540 2248 reipublicae,
557 2170 658 2241 vestris
678 2166 832 2242 beneficiis,
854 2191 918 2229 am-

232 2249 368 2330 plissimis
395 2247 533 2322 affekim,
554 2248 598 2327 Q.
619 2246 764 2322 Catulus;
788 2251 917 2332 itemque

232 2327 349 2389 summis
360 2330 536 2390 ornamentis
544 2329 665 2389 honoris
675 2374 687 2401 ,
698 2329 819 2390 fortunae
831 2374 840 2404 ,
857 2334 919 2391 vir·

233 2412 322 2482 tutis,
343 2411 451 2492 ingenii
479 2410 636 2491 praeditus‚
661 2410 703 2491 Q.
721 2410 917 2487 Hortensius3

233 2490 270 2549 ab
291 2490 345 2549 hac
364 2492 476 2551 ratione
496 2489 659 2551 diffentiunt
681 2513 831 2571 :quorum
857 2505 915 2574 ego

232 2570 433 2632 auetoritatem
450 2572 526 2652 apud
547 2594 602 2631 vos
620 2571 715 2631 multis
731 2574 804 2633 locis
823 2572 916 2653 pluri-

231 2654 312 2712 mirm
333 2652 470 2725 valuiffe,
492 2655 525 2713 &
541 2654 640 2713 valere
662 2670 800 2734 oportere
823 2649 916 2714 conti-

232 2748 323 2804 teot3
343 2733 394 2793 sed
410 2738 439 2794 in
461 2735 514 2793 hac
538 2733 641 2807 causa,
659 2737 773 2796 tametsi
793 2736 916 2876 ctpnos-

232 2813 294 2871 citis
306 2812 487 2873 auetoritares
501 2818 657 2875 contrarias
675 2819 804 2877 virorum
832 2820 917 2882 ortis·
968 2846 971 2851 ·

231 2895 371 2952 simorum
390 2893 423 2950 &
442 2892 685 2969 clarissimorum,
704 2914 803 2955 tamen
823 2899 916 2956 omis-

232 2974 270 3046 sis
290 2970 526 3046 auetoritatibus,
543 2974 605 3052 ipsit
625 2993 658 3033 re
679 2976 711 3033 &
732 2978 842 3036 ratione
862 2999 916 3037 ex-

231 3052 345 3135 quirere
367 3050 513 3135 poffumus
538 3056 694 3118 veritatem
719 3075 727 3114 ι
753 3058 915 3133 atqueho'c

673 3147 680 3154 '
738 3133 818 3218 Xiij

656 1606 710 1677 iis,
723 1605 775 1683 ¹qui
791 1603 922 1676 habent,
986 1671 988 1673 ¹

378 2107 390 2147 t
410 2091 487 2149 enim
503 2090 549 2148 vir
568 2086 758 2162 clarissimus,
777 2091 918 2163 amantis·
992 2110 995 2116 ·

1045 925 1102 1026 r
