2550 4175
429 389 484 435 ετ
515 370 838 435 conuictum.
924 387 979 455 501

307 487 310 492 “
334 487 430 541 73,1.
448 472 483 526 Ut
497 494 547 525 cum
567 475 664 526 decimu.
682 477 779 527 Etiamsi
794 494 854 544 ager
872 494 925 527 cum
939 482 982 529 de·

299 548 362 599 timo
379 550 503 599 extulerit.
523 550 558 600 {ta
574 547 705 607 Gtaevius,
720 552 745 600 δι
757 554 868 617 plerique
883 552 983 605 codices

296 621 380 672 nostri.
400 622 469 672 Mal&
483 623 591 690 vulgati,
611 636 638 669 ut
656 639 706 670 cum
722 623 857 674 decumano.

269 730 272 735 -
333 710 369 758 74
382 726 390 751 ‚
406 711 450 755 24.
466 696 508 744 Ad
521 695 614 762 singula
628 695 742 743 medimna
752 730 759 745 .
770 730 777 744 .
787 732 794 744 .
803 697 907 764 singulos
917 716 982 748 num·

295 763 356 818 mis.
377 768 414 817 lta
434 784 464 817 ex
478 768 576 818 vetustis
597 768 668 817 editis
688 766 800 819 Graevius
815 771 935 829 restituit,
955 773 982 823 &

296 839 332 891 sic
348 840 421 889 habet
438 842 517 891 codex
537 841 578 890 ille
597 834 679 907 regius
699 842 813 906 optimus.
836 841 981 903 Gruterus,

296 912 323 963 &
337 928 392 963 eum
402 913 478 963 secuti
490 914 610 964 dedetunt
621 946 629 972 ,
645 915 677 962 ad
692 914 786 982 singula
795 915 931 965 medimnum
940 951 947 967 .
957 950 982 969 .·

295 986 389 1054 singula
406 987 528 1037 nummum.

333 1058 394 1122 76,
424 1072 469 1123 29.
495 1059 539 1108 Cui
560 1058 619 1109 H·S
639 1060 801 1110 denumerem
820 1058 883 1127 effer.
910 1060 982 1112 Hanc

295 1131 461 1184 Vistorianam
471 1133 597 1181 leiiionem
606 1134 734 1183 revocavit
748 1151 779 1183 ex
794 1135 882 1184 Nannii
893 1135 983 1185 codice

298 1204 421 1256 Gtaevius·
439 1204 523 1271 Vulgi)
539 1204 578 1270 qui
592 1203 653 1252 H·S
668 1206 727 1252 dena
737 1205 871 1269 metitaffet.

335 1278 389 1336 88,
413 1293 438 1340 5.
457 1276 537 1327 Se...
554 1274 703 1340 uendieaffee.
727 1277 764 1325 Ita
789 1293 819 1325 ex
835 1278 931 1342 optimis
954 1279 982 1327 li·

296 1350 346 1400 bris
364 1349 500 1406 Graevius,
520 1350 546 1400 &
565 1350 600 1398 sic
619 1349 692 1398 etiam
714 1348 786 1398 nossri
803 1350 910 1401 codices.
929 1350 981 1402 Alii

296 1424 358 1474 mali
371 1422 516 1489 vindicaffet.
606 1433 614 1439 “

272 1538 276 1548 .
335 1497 388 1561 89,
409 1491 806 1561 1.Eum...profeilo'neverbo
825 1493 983 1560 quidemgra·

296 1570 362 1620 riute
383 1562 533 1637 appullaffes.
554 1567 601 1617 Hic
618 1568 715 1617 videtur
733 1566 779 1623 esse
795 1566 885 1631 aliquid
907 1566 980 1627 vitii,

295 1659 343 1693 nec
364 1645 489 1709 quidquam
509 1641 561 1708 opis
577 1641 601 1690 in
619 1640 713 1707 scriptis
730 1640 855 1690 codicibus
874 1638 979 1700 nostris,

296 1716 338 1783 qui
355 1717 413 1765 nihil
429 1734 442 1765 a
459 1715 561 1783 vulgatis
579 1716 680 1765 abeunt.

332 1788 394 1839 lbid.
408 1788 453 1839 26.
468 1788 535 1839 Bene
552 1787 596 1838 ais.
610 1789 646 1837 Ita
657 1805 688 1837 ex
703 1788 796 1853 optimo
806 1785 893 1836 codice
906 1783 983 1836 Grae·

295 1862 367 1920 vius,
386 1874 413 1911 ut
435 1863 460 1912 ὃ(
477 1862 537 1910 iniri
558 1861 628 1921 146,
650 1862 690 1910 ubi
707 1860 765 1910 editi
782 1876 880 1926 quoque
897 1860 980 1924 plures

295 1936 403 1991 habent,
421 1934 478 1984 bene
494 1934 553 2001 agis.

332 2008 387 2073 96,
406 2023 432 2069 4.
443 2007 547 2057 Litteras
564 2002 697 2070 manifestas
712 2002 803 2069 quaeris.
818 2001 883 2053 Miri
897 2003 980 2069 placet

295 2082 412 2132 Manutio
429 2080 581 2132 &Lambino
597 2076 735 2144 conjeiiura
751 2076 885 2126 Hotomani
898 2078 980 2128 locum

295 2157 359 2206 hunc
373 2156 407 2205 ita
418 2154 542 2221 legentis,
559 2153 680 2202 ciuitatum
693 2149 843 2199 audoritates
854 2182 864 2206 ‚
876 2149 981 2212 testimo·

295 2229 358 2284 nia,
376 2229 470 2277 litteras
486 2243 494 2275 :
511 2244 548 2276 res
564 2218 697 2290 manifestas
716 2222 806 2288 quatis.

335 2316 406 2360 101,
423 2301 450 2351 6.
471 2300 597 2350 Peroraro.
619 2299 655 2346 lta
673 2295 787 2345 Graevius
798 2311 812 2344 e
823 2293 871 2346 suis
889 2294 939 2346 mff.
952 2295 979 2348 &

295 2373 390 2426 firmant
407 2373 488 2424 nostri.
505 2372 589 2439 Vulgi)
596 2367 723 2438 perorabo.

335 2463 383 2511 105
398 2478 407 2508 ‚
425 2462 448 2497 ι.
464 2447 494 2496 ln
510 2461 635 2496 aratorem.
652 2443 702 2492 Has
721 2457 814 2498 voces,
835 2439 859 2490 in
873 2441 980 2508 vulgatis

295 2521 407 2580 omiffas,
423 2520 524 2570 restituit
543 2516 657 2568 Graevius
669 2532 683 2564 e
698 2514 744 2564 suis
755 2514 804 2563 mss.
818 2531 875 2580 quas
887 2515 912 2566 ὃ(
929 2515 979 2568 duo

295 2610 310 2643 e
328 2593 411 2644 nostris
430 2594 534 2643 servant.

336 2679 386 2726 107
398 2695 406 2720 ,
416 2679 459 2712 20.
478 2664 554 2713 Unum
565 2664 692 2712 alterarum
703 2663 855 2712 decumarum.
866 2662 903 2710 lta
911 2660 977 2710 ῐεὲὶὲ

294 2735 429 2791 Hotomani
439 2746 509 2783 vetus
525 2735 600 2792 liber,
611 2738 683 2799 idque
697 2735 817 2782 adstruunt
834 2733 881 2780 duo
898 2734 979 2783 enos·

294 2815 348 2862 iiis.
368 2805 466 2860 Vitiosi
483 2805 508 2857 in
528 2806 656 2873 vulgatis,
679 2822 748 2854 unum
765 2818 892 2854 ceterarum
910 2807 978 2863 dcem

288 2900 390 2937 mmm·
