2550 4175
400 408 652 476 Acrronrs
675 405 725 474 ΙΙ.
750 406 786 474 L.
822 405 885 476 III.
960 423 983 498 5

303 520 359 601 ipsi
388 522 581 582 vehementer
607 519 743 605 fugienda
767 516 840 581 sunt.
869 517 984 578 Etenim

303 622 367 660 non
387 602 480 661 modo
498 601 663 676 accusator,
683 594 732 663 sed
755 622 792 662 ne
814 597 983 681 objurgator

304 680 424 761 quidem
438 681 573 743 ferendus
592 678 633 742 est
644 685 688 753 is,
707 683 779 763 qui,
796 676 874 761 quod
895 681 923 739 in
941 678 985 739 al-

303 777 370 821 tero
386 763 489 822 vitium
508 762 719 843 reprehendit,
737 766 767 822 in
788 780 828 821 eo
849 758 907 841 ipse
931 760 984 819 de·

302 840 500 921 prehenditur.
519 842 543 902 E
565 864 584 903 o
612 844 642 902 in
664 862 724 903 uno
748 840 867 902 homine
885 842 984 899 omnin

301 924 390 996 vitia,
403 944 467 1005 quae
504 944 522 983 ο
545 938 596 984 unt
607 924 636 983 in
647 920 766 983 homine
780 920 918 1002 perdito,
930 940 985 982 ne·

300 1000 433 1099 ferioque
455 945 538 1079 eise,
562 1024 592 1064 re
615 1002 745 1064 rehendo
768 1022 775 1060 :
795 1000 906 1061 nullum
927 997 984 1061 effe

303 1082 368 1143 dico
384 1084 521 1144 indicium
537 1025 662 1144 libidinis
673 1128 683 1157 ‚
694 1083 805 1144 sceleris
816 1082 960 1156 ,audaciae
974 1127 984 1155 ‚

301 1164 383 1245 quod
402 1187 463 1226 non
486 1168 515 1225 in
535 1162 610 1225 istius
635 1166 718 1225 unius
740 1165 802 1225 vita
820 1161 983 1245 perspicere

300 1261 426 1324 posstns.
975 1311 978 1318 ,

346 1342 371 1401 ς.
386 1323 449 1407 Ego
464 1327 494 1385 in
502 1324 556 1386 isto
566 1347 619 1386 reo
631 1324 729 1408 legem
739 1324 835 1395 hanc,
850 1321 986 1398 Iudices,

300 1404 372 1461 mihi
389 1402 479 1465 statuo
492 1427 501 1479 ;
515 1405 677 1466 vivendum
686 1408 727 1465 ita
736 1401 792 1465 effe
803 1449 813 1477 ‚
824 1421 857 1463 ut
866 1400 909 1463 isti
921 1424 983 1465 non

299 1482 394 1543 modo
407 1483 509 1557 fadis,
524 1485 657 1565 diesisque
670 1482 821 1559 omnibus,
832 1483 882 1545 sed
895 1485 982 1543 etiarn

299 1567 379 1638 oris,
394 1564 605 1647 oculorumque
615 1564 664 1625 ills
680 1567 859 1646 contumacis
870 1610 879 1639 ,
891 1586 924 1623 ac
933 1562 983 1624 su·
1045 1579 1048 1584 ’

297 1644 515 1727 perbiit,quam
533 1645 664 1717 videtis,
681 1644 881 1705 dissimillimus
899 1641 955 1706 ess'e
972 1690 982 1718 ,

297 1747 331 1785 ac
347 1724 406 1787 sem
430 1722 461 1787 er
481 1724 561 1788 fuiffe
582 1726 695 1787 videar.-
720 1723 817 1786 Patior
834 1746 896 1785 non
916 1747 984 1785 mo·

296 1804 386 1881 leste,
402 1749 538 1881 iudices,
557 1827 622 1867 eant
640 1809 751 1881 vitam,
768 1827 831 1887 quae
852 1805 981 1865 muisis

296 1884 400 1967 sponte
426 1904 512 1948 antea
529 1885 655 1967 jucunda
683 1886 793 1961 suerit,
816 1906 892 1945 nunc
920 1883 980 1964 jam

293 1967 366 2026 med
377 1967 464 2047 lege,
480 1969 512 2026 &
526 1967 695 2027 conditione
707 1963 891 2028 necessariam
905 1986 983 2046 quo·

298 2066 355 2128 que
373 2044 507 2107 suturam.

339 2125 405 2187 III.
420 2126 457 2188 Et
468 2128 497 2186 in
512 2127 569 2186 hoc
589 2125 709 2187 homine
727 2123 801 2206 saepe
814 2145 888 2187 ame
902 2146 981 2208 quae·

295 2208 333 2266 ris
348 2251 357 2281 ‚
377 2206 541 2282 Hortensi,
555 2208 658 2289 quibus
672 2208 824 2267 inimicitiis
838 2252 848 2280 ‚
862 2223 910 2268 aut
921 2207 979 2290 qui

295 2285 400 2368 injurii
418 2287 577 2362 addudm,
595 2288 632 2349 ad
651 2287 840 2348 accusandum
856 2287 981 2351 descen·

295 2368 398 2429 derint.
419 2369 509 2430 Mitto
531 2367 591 2448 jam
619 2371 762 2430 rationem
785 2367 872 2428 officii
890 2371 979 2442 mei,

294 2449 566 2530 necessitudinisque
584 2447 746 2510 Siculorum
763 2469 771 2507 ι
792 2448 828 2509 de
845 2451 912 2529 ipsis
925 2449 979 2510 tibi

294 2531 447 2590 inimicitiis
464 2528 639 2614 respondeo.
656 2529 706 2589 An
724 2548 757 2589 tu
770 2528 895 2608 majores
906 2529 979 2588 ullas

294 2612 453 2671 inimicitias
469 2626 552 2692 putas
564 2607 620 2670 effe
632 2655 642 2683 ,
658 2609 745 2692 quim
756 2612 911 2669 contrarias
922 2610 980 2668 ho·

294 2693 406 2750 minum
420 2691 595 2764 sententias,
613 2711 645 2750 ac
664 2690 906 2751 dissimilitudines
916 2688 978 2748 stu-

296 2769 431 2847 diorum,
451 2771 484 2832 &
502 2770 707 2832 voluntatum?
732 2769 822 2830 fidem
840 2769 978 2829 sandissi-

295 2868 375 2908 mam
390 2853 420 2909 in
434 2853 495 2912 vita
506 2853 555 2934 qui
573 2868 655 2932 putat
669 2849 786 2932 ‚potest
804 2853 830 2911 ei
847 2873 907 2910 non
918 2853 976 2909 ini-

296 2928 388 2987 micus
408 2929 486 3008 esse,
504 2935 554 3015 qui
570 2932 692 3016 quaestor
710 2930 976 3071 consulpmlsuum,

844 3032 873 3091 ¹¹]
