2550 4175
395 402 647 473 Arrianis
670 407 717 474 11.
751 403 789 474 1.
815 410 856 476 V.
906 425 983 502 327

296 514 353 578 has
367 515 652 600 perTimartlaidem
705 518 816 580 ffioues
830 519 984 601 sepultura

298 617 368 658 curu
385 598 564 658 vivisetiam
581 598 636 657 illis
692 619 711 658 e
726 598 833 660 fatias?
849 622 910 661 uon
931 623 986 682 pa·

292 678 357 738 lam
376 698 445 737 cum
460 676 647 738 'Timarchide
673 679 866 759 loquebantur
885 691 895 739 ἓ
921 702 983 744 non

292 779 405 819 omnes
423 762 556 819 omnium
572 760 729 839 propinqui
749 760 984 823 adhibebantur?

293 853 361 900 'non
380 839 477 919 palam
498 843 638 900 vivorum
661 840 762 899 funera
787 841 984 904 locabantur?

297 918 417 999 Quibus
434 919 522 980 rebus
534 922 672 980 omnibus
689 920 777 994 adis,
795 940 824 980 at
865 942 882 981 e
902 923 984 985 deci·

291 1001 359 1140 3,
370 1001 570 1082 producuntur
584 1022 603 1063 e
616 1021 754 1076 carcere,
773 1002 806 1063 δι
823 942 984 1085 diligam

399 1103 458 1141 um.

379 1160 471 1222 LVI.
485 1161 562 1242 Quis
573 1180 634 1222 tam
647 1161 702 1223 fuit
712 1163 763 1222 illo
778 1181 916 1245 tempore
929 1163 986 1226 du·

294 1241 531 1316 inadtferreus,
547 1246 611 1323 quis
627 1259 688 1303 tam
705 1244 898 1317 inhumanus,
909 1267 986 1326 prae-

296 1336 346 1382 ter
359 1343 450 1382 unum
462 1340 513 1395 te,
528 1325 578 1402 qui
595 1344 658 1382 non
672 1323 790 1382 illorum
804 1341 911 1396 atate,
928 1345 987 1384 no·

298 1401 434 1476 uilitate,
459 1401 572 1462 miseril
595 1406 866 1465 commoveretur?
888 1403 987 1484 ecquis

298 1480 375 1556 luit,
393 1484 462 1564 quin
477 1482 708 1563 lacrymaretur?
764 1485 771 1498 '
809 1484 849 1544 ita
867 1483 989 1543 calami-

299 1577 524 1717 :ltmnlt‘ti
533 1562 988 1726 lrn'ffln‘t

300 1725 349 1806 agi
366 1725 573 1786 arbitraretur?
591 1724 743 1786 Feriuntur
756 1724 866 1786 securi:
884 1725 989 1788 laetaris

300 1820 333 1864 tu
342 1805 372 1864 in
384 1808 516 1866 omniunt
527 1808 636 1887 gemitu
647 1851 657 1879 ‚
669 1806 700 1867 &
714 1805 872 1888 triumphas
883 1827 890 1865 ε
900 1804 989 1868 telles

300 1886 429 2025 llfflfiae
438 1904 495 2026 (ἓξ
508 1885 616 2022 gaudes
625 1883 829 2024 effesublagtarg.
845 1886 990 1960 Errabat,

334 1985 435 2037 erres,
499 1984 538 2023 ve
559 1980 691 2024 ementer
703 1983 765 2023 erra
830 2007 842 2034 ,
878 1984 948 2024 uum
958 1980 991 2028 te

295 2045 428 2108 maculas
438 2043 603 2117 furtorum,
618 2044 651 2105 δι
666 2044 842 2126 flagitiorum
851 1985 990 2118 litorum,

301 2125 448 2187 sociorum
462 2125 663 2185 innocentium
679 2123 815 2222 sanguine
827 2124 924 2186 eluere
944 2146 991 2186 ar·

302 2206 450 2268 bitrabare
468 2226 475 2264 :
490 2224 619 2287 preceps
632 2206 759 2267 antennd
773 2203 927 2277 ferebare,
940 2206 991 2287 qui

294 2298 333 2348 te
348 2285 522 2348 existimares
534 2287 662 2347 avaritiae
676 2285 797 2348 vulnera
815 2286 991 2348 crudelitatis

296 2367 439 2429 remediis
453 2365 534 2449 polle
554 2365 663 2427 sanare.
679 2365 796 2428 Etenim
814 2384 990 2449 quamquam

297 2449 345 2508 nli
358 2448 422 2510 sunt
439 2449 550 2510 mortui
566 2447 679 2510 sceleris
694 2449 737 2509 tui
755 2447 841 2509 telles
858 2494 868 2523 ,
889 2463 990 2510 tamen

305 2547 408 2668 5333
420 2530 993 2691 -Pllilqillilipilblfimlilulaill

307 2686 430 2747 chorum
446 2690 532 2771 aliqui
550 2693 676 2761 vivunt,
697 2692 729 2752 δι
749 2690 873 2751 adsunt:
891 2712 992 2772 quos,

305 2786 339 2827 ut
356 2768 426 2827 mihi
441 2770 557 2830 videtur
566 2814 577 2841 ,
601 2771 637 2829 ab
656 2771 772 2829 illorum
792 2772 992 2833 innocentium

307 2848 398 2931 'poena
415 2847 531 2910 fortuna
545 2851 581 2910 ad
602 2850 677 2909 hanc
695 2851 807 2909 causam
821 2849 987 2914 reservavit.

354 2946 420 2991 aaa.
433 2927 525 2993 Aren
543 2928 691 3012 Philargns
709 2929 902 3007 Haluntinus,
921 2930 993 3014 qul,
