2550 4175
293 387 342 460 po
447 365 509 435 ΙΝ
550 367 786 433 Vennum

289 484 435 564 principes
455 484 496 541 rei
515 480 708 542 frumentariae
723 479 843 539 fuerunt
853 521 864 552 ,
876 496 978 560 expete

291 581 336 623 tes
345 562 600 623 incommodorum
611 605 621 635 ,
632 576 718 641 atque
732 557 910 640 injuriarum
923 559 978 620 fuis·

289 642 321 703 se
339 664 347 701 :
364 642 422 703 hoc
434 641 522 703 causae
538 641 579 704 est
590 687 599 716 ,
611 639 747 714 Iudices,
762 639 849 721 quod
868 631 901 700 in
915 658 979 724 agro
1000 671 1003 726 ;

290 721 461 798 Leontino,
478 739 581 805 praeter
599 742 687 783 unam
704 717 889 782 Mnasistrati
902 720 980 782 femi·
999 731 1003 754 ¹

291 804 359 863 liam
367 848 380 878 ,
389 804 504 887 glebam
514 804 725 866 Leontinorum
735 799 874 884 possidet
884 821 979 864 nemo.

291 881 395 966 Itaque
413 881 609 955 Mnasistrati,
625 883 750 942 hominis
765 879 980 958 honestissimi,
999 925 1002 952 .

288 980 378 1047 etque
398 966 504 1047 optimi
526 967 581 1024 viri
599 961 817 1036 testimonium,
844 961 1002 1036 Iudicem

291 1046 415 1106 audietis
435 1066 443 1104 ε
464 1062 578 1106 ceteros
597 1044 780 1117 Leontinos,
794 1044 908 1126 quibus
926 1065 980 1105 non
1000 1045 1003 1118 ζ

292 1126 386 1186 modo
404 1124 552 1208 Apronius
566 1128 595 1185 in
610 1127 704 1208 agris,
722 1121 772 1184 sed
790 1144 831 1185 ne
853 1123 980 1207 tempes·
1000 1183 1003 1204 ·.

293 1223 337 1288 tas
354 1206 473 1289 quidem
494 1207 552 1266 ulla
569 1226 677 1268 nocere
693 1206 815 1285 potuit,
836 1203 980 1288 exspedrr·
1000 1221 1005 1262 .·

291 1308 326 1349 -re
344 1287 458 1349 nolite:
476 1289 586 1348 etenim
606 1307 668 1347 non
689 1284 781 1346 modis
797 1286 981 1354 incommodi
1000 1307 1002 1332 ³

296 1367 366 1427 nihil
388 1384 527 1449 ceperunt
548 1388 555 1425 :
576 1366 732 1427 sedetiam
752 1368 782 1426 in
801 1364 982 1448 Apronianis

291 1450 348 1508 illis
368 1451 472 1530 rapinis
483 1450 512 1508 in
526 1445 632 1530 quaestu
643 1446 705 1509 sunt
719 1448 981 1531 ,compendioque
999 1423 1007 1490 A

293 1526 409 1590 uersati.

340 1626 406 1668 110.
421 1608 634 1690 Quapropter,
653 1606 792 1688 quoniam
810 1629 864 1672 me
882 1607 980 1674 Leon·

293 1689 356 1747 tina
375 1691 496 1763 civitas,
513 1706 600 1770 atque
618 1688 746 1769 legatio,
760 1708 890 1771 propter
902 1710 980 1766 am,

292 1789 383 1848 quam
410 1768 489 1842 dixi,
517 1767 656 1841 causam,
687 1767 794 1828 defecit
818 1790 827 1830 ι
852 1771 981 1834 mihimet

294 1847 420 1909 ineunda
437 1851 534 1922 ratio,
555 1850 587 1909 δι
602 1851 651 1910 via
663 1847 837 1930 reperienda
851 1849 920 1928 est,
933 1852 981 1938 qui

294 1929 334 1988 ad
354 1929 480 2010 Apronii
496 1928 654 2012 quaestum,
670 1931 732 1990 sive
750 1925 857 2008 adeo,
875 1933 981 2016 qndsd

295 2012 371 2073 istius
394 2013 576 2096 ingentem,
609 2009 827 2093 immanemque
878 2015 981 2076 eadm

296 2094 406 2173 possim
423 2096 585 2174 pervenire.
603 2091 678 2172 Agri
696 2091 838 2155 Leontini
855 2033 980 2161 dem

296 2193 374 2232 anno
402 2176 488 2234 tertio
516 2175 671 2234 venierunt
693 2172 778 2233 tritici
798 2174 982 2239 medimnis

297 2253 502 2327 xxxvr,hoc
519 2251 578 2325 est,
604 2253 690 2311 tritici
706 2251 843 2317 medinm
864 2274 981 2323 cem

298 2331 413 2471 Mplgno
422 2377 434 2404 ,
444 2332 559 2394 ludices
571 2376 580 2405 ,
594 2353 702 2413 magno
713 2353 829 2415 :neque
841 2326 981 2409 eremias,

296 2434 337 2492 po
361 2433 410 2472 um
419 2433 525 2496 negare
537 2433 544 2472 :
556 2416 654 2493 itaque
663 2410 777 2476 neceffe
788 2412 832 2477 est
842 2434 897 2481 aut
910 2418 982 2485 du.

297 2514 391 2567 num,
411 2511 460 2554 aut
477 2493 554 2555 certe
570 2515 631 2554 non
650 2514 788 2577 magnum
805 2494 983 2575 lucrumst

296 2572 362 2633 cisse
372 2573 564 2635 decumanum
576 2595 583 2633 :
593 2574 650 2634 hoc
658 2574 816 2637 enimsolet
823 2576 984 2659 usum

294 2655 329 2713 iis
343 2698 353 2727 ,
367 2656 416 2734 qui
429 2676 537 2739 magno
547 2655 743 2717 redemerunt.
863 2704 876 2725 .,
911 2702 955 2733 ,-..,
965 2700 985 2733 ,-

344 2752 409 2794 111.
439 2735 543 2816 Quid,
570 2738 593 2794 si
616 2735 759 2812 ostendo,
775 2736 817 2803 'in
849 2736 987 2819 hum

297 2817 450 2893 emptione
479 2814 632 2878 lucrifieri
658 2819 744 2879 tritici
766 2816 990 2911 ιιιοόὶῆιῃῃ.)Ι

296 2893 368 2976 quid
379 2898 422 2972 ,si
434 2897 595 2979 cciquid,
609 2900 709 2961 sicce
721 2898 733 2964 ἒ
747 2898 820 2981 quid
833 2944 847 2977 2
859 2904 987 2983 dm
