<?xml version="1.0" encoding="UTF-8"?>
<!DOCTYPE html PUBLIC "-//W3C//DTD XHTML 1.0 Transitional//EN"
    "http://www.w3.org/TR/xhtml1/DTD/xhtml1-transitional.dtd">
<html xmlns="http://www.w3.org/1999/xhtml" xml:lang="en" lang="en">
 <head>
  <title>
</title>
<meta http-equiv="Content-Type" content="text/html;charset=utf-8" />
  <meta name='ocr-system' content='tesseract 3.04.00' />
  <meta name='ocr-capabilities' content='ocr_page ocr_carea ocr_par ocr_line ocrx_word'/>
</head>
<body>
  <div class='ocr_page' id='page_1' title='image "./mtulliiciceroni05lallgoog_0168.png"; bbox 0 0 2550 4175; ppageno 0'>
   <div class='ocr_carea' id='block_1_1' title="bbox 290 358 794 432">
    <p class='ocr_par' dir='ltr' id='par_1_1' title="bbox 290 358 794 432">
     <span class='ocr_line' id='line_1_1' title="bbox 290 358 794 432; baseline -0.022 0"><span class='ocrx_word' id='word_1_1' title='bbox 290 358 366 432; x_wconf 73' lang='lat'>&#39;1&#39;60</span> <span class='ocrx_word' id='word_1_2' title='bbox 449 358 513 425; x_wconf 81' lang='grc' dir='ltr'>ΙΝ</span> <span class='ocrx_word' id='word_1_3' title='bbox 547 360 794 423; x_wconf 65' lang='lat' dir='ltr'>Vennum</span> 
     </span>
    </p>
   </div>
   <div class='ocr_carea' id='block_1_2' title="bbox 265 465 984 1841">
    <p class='ocr_par' dir='ltr' id='par_1_2' title="bbox 265 465 983 1679">
     <span class='ocr_line' id='line_1_2' title="bbox 265 465 976 550; baseline -0.011 -12"><span class='ocrx_word' id='word_1_4' title='bbox 265 517 269 526; x_wconf 55' lang='grc' dir='ltr'><em>ι</em></span> <span class='ocrx_word' id='word_1_5' title='bbox 289 475 368 538; x_wconf 70' lang='lat' dir='ltr'>nime</span> <span class='ocrx_word' id='word_1_6' title='bbox 385 492 502 534; x_wconf 86' lang='lat' dir='ltr'>avarum</span> <span class='ocrx_word' id='word_1_7' title='bbox 517 515 526 544; x_wconf 92' lang='lat'><strong>‚</strong></span> <span class='ocrx_word' id='word_1_8' title='bbox 542 465 580 528; x_wconf 58' lang='lat' dir='ltr'>&#39;ab</span> <span class='ocrx_word' id='word_1_9' title='bbox 592 469 800 540; x_wconf 78' lang='lat' dir='ltr'>humanitate,</span> <span class='ocrx_word' id='word_1_10' title='bbox 820 489 840 528; x_wconf 88' lang='lat' dir='ltr'>a</span> <span class='ocrx_word' id='word_1_11' title='bbox 856 468 976 550; x_wconf 63' lang='lat' dir='ltr'>pietate}</span> 
     </span>
     <span class='ocr_line' id='line_1_3' title="bbox 290 544 978 635; baseline -0.006 -21"><span class='ocrx_word' id='word_1_12' title='bbox 290 555 328 614; x_wconf 89' lang='lat' dir='ltr'>ab</span> <span class='ocrx_word' id='word_1_13' title='bbox 337 552 477 635; x_wconf 79' lang='lat' dir='ltr'>religione</span> <span class='ocrx_word' id='word_1_14' title='bbox 491 549 645 610; x_wconf 84' lang='lat' dir='ltr'><strong>deducere.</strong></span> <span class='ocrx_word' id='word_1_15' title='bbox 655 546 699 607; x_wconf 90' lang='lat' dir='ltr'>lta</span> <span class='ocrx_word' id='word_1_16' title='bbox 709 544 843 626; x_wconf 82' lang='lat' dir='ltr'>jussisti,</span> <span class='ocrx_word' id='word_1_17' title='bbox 861 553 978 630; x_wconf 83' lang='lat' dir='ltr'>opinor,</span> 
     </span>
     <span class='ocr_line' id='line_1_4' title="bbox 290 628 977 714; baseline -0.006 -20"><span class='ocrx_word' id='word_1_18' title='bbox 290 633 382 714; x_wconf 90' lang='lat' dir='ltr'>ipsum</span> <span class='ocrx_word' id='word_1_19' title='bbox 391 636 420 693; x_wconf 91' lang='lat' dir='ltr'>in</span> <span class='ocrx_word' id='word_1_20' title='bbox 435 631 545 692; x_wconf 87' lang='lat' dir='ltr'>tabulas</span> <span class='ocrx_word' id='word_1_21' title='bbox 561 628 688 689; x_wconf 83' lang='lat' dir='ltr'>referre:</span> <span class='ocrx_word' id='word_1_22' title='bbox 701 631 776 688; x_wconf 81' lang='lat' dir='ltr'>Haec</span> <span class='ocrx_word' id='word_1_23' title='bbox 790 633 892 690; x_wconf 72' lang='lat' dir='ltr'>onnia</span> <span class='ocrx_word' id='word_1_24' title='bbox 908 633 977 712; x_wconf 66' lang='lat' dir='ltr'>sigua</span> 
     </span>
     <span class='ocr_line' id='line_1_5' title="bbox 292 706 982 791; baseline -0.006 -18"><span class='ocrx_word' id='word_1_25' title='bbox 292 715 467 785; x_wconf 81' lang='lat' dir='ltr'>Praxitelis,</span> <span class='ocrx_word' id='word_1_26' title='bbox 485 711 639 791; x_wconf 84' lang='lat' dir='ltr'>Myronis,</span> <span class='ocrx_word' id='word_1_27' title='bbox 658 706 830 787; x_wconf 78' lang='lat' dir='ltr'>Polycleti,</span> <span class='ocrx_word' id='word_1_28' title='bbox 858 715 931 772; x_wconf 84' lang='lat' dir='ltr'>H=S</span> <span class='ocrx_word' id='word_1_29' title='bbox 947 725 982 786; x_wconf 85' lang='lat' dir='ltr'>rt¹</span> 
     </span>
     <span class='ocr_line' id='line_1_6' title="bbox 293 787 981 929; baseline -0.004 -75"><span class='ocrx_word' id='word_1_30' title='bbox 293 787 364 854; x_wconf 76' lang='lat' dir='ltr'>inill.</span> <span class='ocrx_word' id='word_1_31' title='bbox 393 795 467 866; x_wconf 61' lang='lat' dir='ltr'>&amp;n</span> <span class='ocrx_word' id='word_1_32' title='bbox 495 793 570 855; x_wconf 79' lang='lat' dir='ltr'>Verri</span> <span class='ocrx_word' id='word_1_33' title='bbox 588 790 702 850; x_wconf 82' lang='lat' dir='ltr'>vendita</span> <span class='ocrx_word' id='word_1_34' title='bbox 713 787 799 929; x_wconf 49' lang='lat' dir='ltr'>ium·</span> <span class='ocrx_word' id='word_1_35' title='bbox 828 787 936 853; x_wconf 82' lang='lat' dir='ltr'>Recita</span> <span class='ocrx_word' id='word_1_36' title='bbox 951 807 981 868; x_wconf 61' lang='grc' dir='ltr'><em>ᾳ</em></span> 
     </span>
     <span class='ocr_line' id='line_1_7' title="bbox 295 869 980 944; baseline -0.006 -9"><span class='ocrx_word' id='word_1_37' title='bbox 295 874 409 935; x_wconf 86' lang='lat' dir='ltr'>tabulis.</span> <span class='ocrx_word' id='word_1_38' title='bbox 429 873 582 934; x_wconf 66' lang='lat' dir='ltr'>Tuom</span> <span class='ocrx_word' id='word_1_39' title='bbox 604 869 694 931; x_wconf 73' lang='lat' dir='ltr'>Hau.</span> <span class='ocrx_word' id='word_1_40' title='bbox 733 885 810 931; x_wconf 84' lang='lat' dir='ltr'>uvat</span> <span class='ocrx_word' id='word_1_41' title='bbox 832 891 911 944; x_wconf 87' lang='lat' dir='ltr'>me,</span> <span class='ocrx_word' id='word_1_42' title='bbox 929 872 980 931; x_wconf 72' lang='lat' dir='ltr'>liat</span> 
     </span>
     <span class='ocr_line' id='line_1_8' title="bbox 295 946 981 1095; baseline -0.003 0"><span class='ocrx_word' id='word_1_43' title='bbox 295 946 981 1095; x_wconf 43' lang='lat' dir='ltr'>lffifil‘lllll&#39;vlliffissllznltaffl</span> 
     </span>
     <span class='ocr_line' id='line_1_9' title="bbox 295 1078 981 1195; baseline -0.007 -19"><span class='ocrx_word' id='word_1_44' title='bbox 295 1113 401 1176; x_wconf 83' lang='lat' dir='ltr'>cidisse.</span> <span class='ocrx_word' id='word_1_45' title='bbox 424 1078 602 1195; x_wconf 85' lang='lat' dir='ltr'>Cupidinem</span> <span class='ocrx_word' id='word_1_46' title='bbox 619 1109 773 1171; x_wconf 82' lang='lat' dir='ltr'>Praxitelis</span> <span class='ocrx_word' id='word_1_47' title='bbox 792 1111 866 1173; x_wconf 88' lang='lat' dir='ltr'>H-S</span> <span class='ocrx_word' id='word_1_48' title='bbox 882 1131 920 1172; x_wconf 79' lang='lat' dir='ltr'>tt.</span> <span class='ocrx_word' id='word_1_49' title='bbox 936 1129 981 1172; x_wconf 84' lang='lat' dir='ltr'>nc.</span> 
     </span>
     <span class='ocr_line' id='line_1_10' title="bbox 295 1189 982 1278; baseline -0.003 -23"><span class='ocrx_word' id='word_1_50' title='bbox 295 1194 428 1278; x_wconf 64' lang='lat' dir='ltr'>profetlb</span> <span class='ocrx_word' id='word_1_51' title='bbox 436 1195 502 1255; x_wconf 85' lang='lat' dir='ltr'>hinc</span> <span class='ocrx_word' id='word_1_52' title='bbox 513 1209 611 1254; x_wconf 89' lang='lat' dir='ltr'>natum</span> <span class='ocrx_word' id='word_1_53' title='bbox 621 1189 680 1265; x_wconf 89' lang='lat' dir='ltr'>est,</span> <span class='ocrx_word' id='word_1_54' title='bbox 690 1192 781 1254; x_wconf 84' lang='lat' dir='ltr'>Malo</span> <span class='ocrx_word' id='word_1_55' title='bbox 793 1215 905 1267; x_wconf 79' lang='lat' dir='ltr'>emere,</span> <span class='ocrx_word' id='word_1_56' title='bbox 917 1194 982 1274; x_wconf 63' lang='grc' dir='ltr'>μὴ</span> 
     </span>
     <span class='ocr_line' id='line_1_11' title="bbox 295 1299 983 1440; baseline -0.004 -23"><span class='ocrx_word' id='word_1_57' title='bbox 295 1299 425 1440; x_wconf 30' lang='lat' dir='ltr'>regilli·</span> <span class='ocrx_word' id='word_1_58' title='bbox 439 1354 529 1416; x_wconf 85' lang='lat' dir='ltr'>Dicet</span> <span class='ocrx_word' id='word_1_59' title='bbox 548 1355 584 1415; x_wconf 90' lang='lat' dir='ltr'>ali</span> <span class='ocrx_word' id='word_1_60' title='bbox 606 1355 670 1427; x_wconf 87' lang='lat' dir='ltr'>uis,</span> <span class='ocrx_word' id='word_1_61' title='bbox 722 1352 776 1413; x_wconf 88' lang='lat' dir='ltr'>uid</span> <span class='ocrx_word' id='word_1_62' title='bbox 791 1352 852 1416; x_wconf 79' lang='lat' dir='ltr'>itu</span> <span class='ocrx_word' id='word_1_63' title='bbox 863 1317 919 1415; x_wconf 77' lang='lat' dir='ltr'>ista¹</span> <span class='ocrx_word' id='word_1_64' title='bbox 928 1373 983 1436; x_wconf 88' lang='lat' dir='ltr'>pet·</span> 
     </span>
     <span class='ocr_line' id='line_1_12' title="bbox 299 1376 983 1520; baseline -0.007 -21"><span class='ocrx_word' id='word_1_65' title='bbox 299 1459 408 1520; x_wconf 87' lang='lat' dir='ltr'>magno</span> <span class='ocrx_word' id='word_1_66' title='bbox 430 1434 550 1496; x_wconf 77' lang='lat' dir='ltr'>aellimas</span> <span class='ocrx_word' id='word_1_67' title='bbox 563 1435 574 1495; x_wconf 74' lang='grc' dir='ltr'><strong><em>ἓ</em></strong></span> <span class='ocrx_word' id='word_1_68' title='bbox 586 1376 658 1517; x_wconf 78' lang='lat' dir='ltr'>ligo</span> <span class='ocrx_word' id='word_1_69' title='bbox 679 1434 755 1494; x_wconf 75' lang='lat' dir='ltr'>vero</span> <span class='ocrx_word' id='word_1_70' title='bbox 776 1434 819 1494; x_wconf 88' lang='lat' dir='ltr'>ad</span> <span class='ocrx_word' id='word_1_71' title='bbox 834 1455 983 1496; x_wconf 82' lang='lat' dir='ltr'>meamn-</span> 
     </span>
     <span class='ocr_line' id='line_1_13' title="bbox 300 1511 983 1598; baseline -0.007 -19"><span class='ocrx_word' id='word_1_72' title='bbox 300 1521 434 1590; x_wconf 87' lang='lat' dir='ltr'>tionem,</span> <span class='ocrx_word' id='word_1_73' title='bbox 454 1516 592 1598; x_wconf 83' lang='lat' dir='ltr'>usumque</span> <span class='ocrx_word' id='word_1_74' title='bbox 610 1535 671 1575; x_wconf 90' lang='lat' dir='ltr'>non</span> <span class='ocrx_word' id='word_1_75' title='bbox 687 1511 804 1576; x_wconf 84' lang='lat' dir='ltr'>aestimo</span> <span class='ocrx_word' id='word_1_76' title='bbox 818 1539 829 1577; x_wconf 89' lang='lat'>.·</span> <span class='ocrx_word' id='word_1_77' title='bbox 842 1534 983 1579; x_wconf 81' lang='lat' dir='ltr'>vetumta·</span> 
     </span>
     <span class='ocr_line' id='line_1_14' title="bbox 300 1593 982 1679; baseline -0.003 -19"><span class='ocrx_word' id='word_1_78' title='bbox 300 1597 492 1660; x_wconf 88' lang='lat' dir='ltr'>menavobis</span> <span class='ocrx_word' id='word_1_79' title='bbox 507 1600 547 1656; x_wconf 87' lang='lat' dir='ltr'>ita</span> <span class='ocrx_word' id='word_1_80' title='bbox 558 1596 679 1656; x_wconf 86' lang='lat' dir='ltr'>arbitror</span> <span class='ocrx_word' id='word_1_81' title='bbox 687 1593 816 1675; x_wconf 65' lang='lat' dir='ltr'>spellari</span> <span class='ocrx_word' id='word_1_82' title='bbox 834 1613 982 1679; x_wconf 82' lang='lat' dir='ltr'><strong>oportere,</strong></span> 
     </span>
    </p>

    <p class='ocr_par' dir='ltr' id='par_1_3' title="bbox 300 1674 984 1841">
     <span class='ocr_line' id='line_1_15' title="bbox 341 1674 983 1759; baseline -0.002 -22"><span class='ocrx_word' id='word_1_83' title='bbox 341 1680 400 1738; x_wconf 88' lang='lat' dir='ltr'>anti</span> <span class='ocrx_word' id='word_1_84' title='bbox 425 1677 487 1735; x_wconf 85' lang='lat' dir='ltr'>haec</span> <span class='ocrx_word' id='word_1_85' title='bbox 509 1696 612 1737; x_wconf 85' lang='lat' dir='ltr'>eorum</span> <span class='ocrx_word' id='word_1_86' title='bbox 635 1674 770 1755; x_wconf 79' lang='lat' dir='ltr'>juditio,</span> <span class='ocrx_word' id='word_1_87' title='bbox 803 1681 858 1759; x_wconf 89' lang='lat' dir='ltr'>qui</span> <span class='ocrx_word' id='word_1_88' title='bbox 882 1675 983 1738; x_wconf 77' lang='lat' dir='ltr'>lludiou&#39;</span> 
     </span>
     <span class='ocr_line' id='line_1_16' title="bbox 300 1700 984 1841; baseline 0.001 -24"><span class='ocrx_word' id='word_1_89' title='bbox 300 1700 365 1817; x_wconf 68' lang='lat' dir='ltr'>itint</span> <span class='ocrx_word' id='word_1_90' title='bbox 389 1757 490 1816; x_wconf 87' lang='lat' dir='ltr'>harum</span> <span class='ocrx_word' id='word_1_91' title='bbox 512 1776 608 1817; x_wconf 84' lang='lat' dir='ltr'>retum</span> <span class='ocrx_word' id='word_1_92' title='bbox 628 1801 639 1830; x_wconf 87' lang='lat'><strong>‚</strong></span> <span class='ocrx_word' id='word_1_93' title='bbox 662 1752 847 1818; x_wconf 81' lang='lat' dir='ltr'>aestimentut</span> <span class='ocrx_word' id='word_1_94' title='bbox 869 1779 878 1819; x_wconf 74' lang='grc' dir='ltr'><strong>ε</strong></span> <span class='ocrx_word' id='word_1_95' title='bbox 903 1755 984 1841; x_wconf 78' lang='lat' dir='ltr'>quanti</span> 
     </span>
    </p>
   </div>
   <div class='ocr_carea' id='block_1_3' title="bbox 203 1836 985 1919">
    <p class='ocr_par' dir='ltr' id='par_1_4' title="bbox 203 1836 985 1919">
     <span class='ocr_line' id='line_1_17' title="bbox 203 1836 985 1919; baseline 0 -18"><span class='ocrx_word' id='word_1_96' title='bbox 203 1887 212 1901; x_wconf 90' lang='lat'><strong>.</strong></span> <span class='ocrx_word' id='word_1_97' title='bbox 300 1840 403 1901; x_wconf 72' lang='lat' dir='ltr'>venire</span> <span class='ocrx_word' id='word_1_98' title='bbox 428 1836 539 1897; x_wconf 82' lang='lat' dir='ltr'>soleant</span> <span class='ocrx_word' id='word_1_99' title='bbox 559 1849 569 1896; x_wconf 79' lang='lat' dir='ltr'>t</span> <span class='ocrx_word' id='word_1_100' title='bbox 587 1838 687 1918; x_wconf 82' lang='lat' dir='ltr'>quanti</span> <span class='ocrx_word' id='word_1_101' title='bbox 703 1836 767 1896; x_wconf 80' lang='lat' dir='ltr'>haec</span> <span class='ocrx_word' id='word_1_102' title='bbox 792 1836 882 1919; x_wconf 82' lang='lat' dir='ltr'>ipsa,</span> <span class='ocrx_word' id='word_1_103' title='bbox 907 1841 985 1918; x_wconf 81' lang='lat' dir='ltr'>sipa-</span> 
     </span>
    </p>
   </div>
   <div class='ocr_carea' id='block_1_4' title="bbox 294 1917 986 2402">
    <p class='ocr_par' dir='ltr' id='par_1_5' title="bbox 294 1917 986 2402">
     <span class='ocr_line' id='line_1_18' title="bbox 302 1917 984 2002; baseline 0 -22"><span class='ocrx_word' id='word_1_104' title='bbox 302 1917 382 1993; x_wconf 83' lang='lat' dir='ltr'>lam,</span> <span class='ocrx_word' id='word_1_105' title='bbox 402 1917 550 1999; x_wconf 76' lang='lat' dir='ltr'>libereque</span> <span class='ocrx_word' id='word_1_106' title='bbox 560 1920 693 1978; x_wconf 87' lang='lat' dir='ltr'>venirent</span> <span class='ocrx_word' id='word_1_107' title='bbox 710 1961 720 1990; x_wconf 94' lang='lat'><strong>‚</strong></span> <span class='ocrx_word' id='word_1_108' title='bbox 736 1921 848 1981; x_wconf 87' lang='lat' dir='ltr'>venite</span> <span class='ocrx_word' id='word_1_109' title='bbox 863 1917 984 2002; x_wconf 75' lang='lat' dir='ltr'>polientj</span> 
     </span>
     <span class='ocr_line' id='line_1_19' title="bbox 294 1996 984 2081; baseline 0.004 -21"><span class='ocrx_word' id='word_1_110' title='bbox 294 1999 429 2081; x_wconf 70' lang='lat' dir='ltr'>tlenique</span> <span class='ocrx_word' id='word_1_111' title='bbox 440 1999 499 2081; x_wconf 91' lang='lat' dir='ltr'>ipse</span> <span class='ocrx_word' id='word_1_112' title='bbox 516 1998 626 2060; x_wconf 88' lang='lat' dir='ltr'><strong>Verres</strong></span> <span class='ocrx_word' id='word_1_113' title='bbox 642 1998 742 2079; x_wconf 88' lang='lat' dir='ltr'>quanti</span> <span class='ocrx_word' id='word_1_114' title='bbox 752 1996 887 2062; x_wconf 85' lang='lat' dir='ltr'>aestimet</span> <span class='ocrx_word' id='word_1_115' title='bbox 898 2021 907 2062; x_wconf 75' lang='grc' dir='ltr'><strong>ε</strong></span> <span class='ocrx_word' id='word_1_116' title='bbox 919 2017 984 2062; x_wconf 77' lang='lat' dir='ltr'>num·</span> 
     </span>
     <span class='ocr_line' id='line_1_20' title="bbox 304 2075 986 2178; baseline 0 -37"><span class='ocrx_word' id='word_1_117' title='bbox 304 2103 393 2165; x_wconf 83' lang='lat' dir='ltr'>quam</span> <span class='ocrx_word' id='word_1_118' title='bbox 411 2084 510 2153; x_wconf 86' lang='lat' dir='ltr'>enim,</span> <span class='ocrx_word' id='word_1_119' title='bbox 530 2082 553 2140; x_wconf 91' lang='lat' dir='ltr'>si</span> <span class='ocrx_word' id='word_1_120' title='bbox 567 2080 688 2141; x_wconf 87' lang='lat' dir='ltr'>denariis</span> <span class='ocrx_word' id='word_1_121' title='bbox 700 2079 931 2178; x_wconf 72' lang='lat' dir='ltr'>quadringentis</span> <span class='ocrx_word' id='word_1_122' title='bbox 942 2075 986 2141; x_wconf 70' lang='lat' dir='ltr'>(iu.</span> 
     </span>
     <span class='ocr_line' id='line_1_21' title="bbox 304 2158 986 2245; baseline -0.004 -23"><span class='ocrx_word' id='word_1_123' title='bbox 304 2163 437 2245; x_wconf 88' lang='lat' dir='ltr'>pidinem</span> <span class='ocrx_word' id='word_1_124' title='bbox 457 2163 537 2220; x_wconf 89' lang='lat' dir='ltr'>illum</span> <span class='ocrx_word' id='word_1_125' title='bbox 556 2158 703 2241; x_wconf 70' lang='lat' dir='ltr'>putasset,</span> <span class='ocrx_word' id='word_1_126' title='bbox 724 2160 948 2233; x_wconf 78' lang='lat' dir='ltr'>commisiffet,</span> <span class='ocrx_word' id='word_1_127' title='bbox 963 2174 986 2219; x_wconf 79' lang='lat' dir='ltr'>u</span> 
     </span>
     <span class='ocr_line' id='line_1_22' title="bbox 305 2240 986 2325; baseline 0.003 -24"><span class='ocrx_word' id='word_1_128' title='bbox 305 2259 426 2325; x_wconf 84' lang='lat' dir='ltr'>propter</span> <span class='ocrx_word' id='word_1_129' title='bbox 446 2262 544 2312; x_wconf 89' lang='lat' dir='ltr'>eum,</span> <span class='ocrx_word' id='word_1_130' title='bbox 572 2244 602 2300; x_wconf 91' lang='lat' dir='ltr'>in</span> <span class='ocrx_word' id='word_1_131' title='bbox 626 2240 796 2302; x_wconf 89' lang='lat' dir='ltr'>sennonem</span> <span class='ocrx_word' id='word_1_132' title='bbox 824 2242 986 2311; x_wconf 82' lang='lat' dir='ltr'>hominum,</span> 
     </span>
     <span class='ocr_line' id='line_1_23' title="bbox 306 2323 986 2402; baseline 0.003 -19"><span class='ocrx_word' id='word_1_133' title='bbox 306 2339 392 2402; x_wconf 84' lang='lat' dir='ltr'>atque</span> <span class='ocrx_word' id='word_1_134' title='bbox 413 2323 443 2379; x_wconf 91' lang='lat' dir='ltr'>in</span> <span class='ocrx_word' id='word_1_135' title='bbox 462 2336 570 2380; x_wconf 85' lang='lat' dir='ltr'>tantam</span> <span class='ocrx_word' id='word_1_136' title='bbox 591 2323 847 2401; x_wconf 84' lang='lat' dir='ltr'>vituperationem</span> <span class='ocrx_word' id='word_1_137' title='bbox 876 2324 986 2387; x_wconf 75' lang='lat' dir='ltr'>veniret</span> 
     </span>
    </p>
   </div>
   <div class='ocr_carea' id='block_1_5' title="bbox 241 2398 993 2885">
    <p class='ocr_par' dir='ltr' id='par_1_6' title="bbox 241 2398 988 2541">
     <span class='ocr_line' id='line_1_24' title="bbox 241 2398 988 2541; baseline 0.008 -84"><span class='ocrx_word' id='word_1_138' title='bbox 241 2452 244 2457; x_wconf 91' lang='lat'>.</span> <span class='ocrx_word' id='word_1_139' title='bbox 308 2450 313 2459; x_wconf 91' lang='grc'><em>,</em></span> <span class='ocrx_word' id='word_1_140' title='bbox 353 2420 398 2476; x_wconf 87' lang='lat'>14.</span> <span class='ocrx_word' id='word_1_141' title='bbox 420 2399 495 2541; x_wconf 37' lang='lat' dir='ltr'>(puis</span> <span class='ocrx_word' id='word_1_142' title='bbox 512 2398 637 2463; x_wconf 71' lang='lat' dir='ltr'>vestrum</span> <span class='ocrx_word' id='word_1_143' title='bbox 657 2403 742 2483; x_wconf 82' lang='lat' dir='ltr'>igitur</span> <span class='ocrx_word' id='word_1_144' title='bbox 762 2401 887 2480; x_wconf 89' lang='lat' dir='ltr'>nescit,</span> <span class='ocrx_word' id='word_1_145' title='bbox 906 2400 988 2486; x_wconf 77' lang='lat' dir='ltr'>quattu¹</span> 
     </span>
    </p>

    <p class='ocr_par' dir='ltr' id='par_1_7' title="bbox 262 2472 993 2885">
     <span class='ocr_line' id='line_1_25' title="bbox 306 2472 988 2567; baseline 0.007 -25"><span class='ocrx_word' id='word_1_146' title='bbox 306 2472 368 2543; x_wconf 83' lang='lat' dir='ltr'>ltaec</span> <span class='ocrx_word' id='word_1_147' title='bbox 403 2505 427 2541; x_wconf 85' lang='lat' dir='ltr'><strong>ae</strong></span> <span class='ocrx_word' id='word_1_148' title='bbox 452 2483 608 2545; x_wconf 79' lang='lat' dir='ltr'>imentuti</span> <span class='ocrx_word' id='word_1_149' title='bbox 638 2479 674 2541; x_wconf 93' lang='lat' dir='ltr'>ln</span> <span class='ocrx_word' id='word_1_150' title='bbox 705 2480 848 2545; x_wconf 66' lang='lat' dir='ltr'>auilione</span> <span class='ocrx_word' id='word_1_151' title='bbox 891 2486 988 2567; x_wconf 63' lang='lat' dir='ltr'>signum</span> 
     </span>
     <span class='ocr_line' id='line_1_26' title="bbox 306 2560 989 2644; baseline 0.003 -23"><span class='ocrx_word' id='word_1_152' title='bbox 306 2581 446 2635; x_wconf 75' lang='lat' dir='ltr'>aeneum,</span> <span class='ocrx_word' id='word_1_153' title='bbox 467 2584 528 2622; x_wconf 89' lang='lat' dir='ltr'>non</span> <span class='ocrx_word' id='word_1_154' title='bbox 553 2582 715 2644; x_wconf 83' lang='lat' dir='ltr'>magnum,</span> <span class='ocrx_word' id='word_1_155' title='bbox 735 2562 811 2625; x_wconf 84' lang='lat' dir='ltr'>H-s</span> <span class='ocrx_word' id='word_1_156' title='bbox 838 2582 919 2627; x_wconf 85' lang='lat' dir='ltr'>cxx</span> <span class='ocrx_word' id='word_1_157' title='bbox 935 2560 989 2623; x_wconf 82' lang='lat' dir='ltr'>ruil-</span> 
     </span>
     <span class='ocr_line' id='line_1_27' title="bbox 307 2640 990 2725; baseline -0.001 -21"><span class='ocrx_word' id='word_1_158' title='bbox 307 2640 382 2704; x_wconf 83' lang='lat' dir='ltr'>libus</span> <span class='ocrx_word' id='word_1_159' title='bbox 408 2644 509 2702; x_wconf 89' lang='lat' dir='ltr'>venire</span> <span class='ocrx_word' id='word_1_160' title='bbox 530 2664 591 2702; x_wconf 90' lang='lat' dir='ltr'>non</span> <span class='ocrx_word' id='word_1_161' title='bbox 609 2642 759 2703; x_wconf 82' lang='lat' dir='ltr'>vidimus?</span> <span class='ocrx_word' id='word_1_162' title='bbox 789 2644 884 2725; x_wconf 88' lang='lat' dir='ltr'>Quid</span> <span class='ocrx_word' id='word_1_163' title='bbox 907 2644 990 2705; x_wconf 75' lang='lat' dir='ltr'>titt·</span> 
     </span>
     <span class='ocr_line' id='line_1_28' title="bbox 262 2720 991 2805; baseline 0.005 -24"><span class='ocrx_word' id='word_1_164' title='bbox 262 2774 265 2781; x_wconf 89' lang='lat'>.</span> <span class='ocrx_word' id='word_1_165' title='bbox 307 2720 358 2781; x_wconf 91' lang='lat' dir='ltr'>lim</span> <span class='ocrx_word' id='word_1_166' title='bbox 372 2724 521 2782; x_wconf 85' lang='lat' dir='ltr'>nominare</span> <span class='ocrx_word' id='word_1_167' title='bbox 540 2723 697 2795; x_wconf 81' lang='lat' dir='ltr'>homines,</span> <span class='ocrx_word' id='word_1_168' title='bbox 717 2724 768 2805; x_wconf 91' lang='lat' dir='ltr'>qui</span> <span class='ocrx_word' id='word_1_169' title='bbox 790 2741 932 2787; x_wconf 76' lang='lat' dir='ltr'>autnon</span> <span class='ocrx_word' id='word_1_170' title='bbox 946 2722 991 2785; x_wconf 79' lang='lat' dir='ltr'>tti-</span> 
     </span>
     <span class='ocr_line' id='line_1_29' title="bbox 307 2804 993 2885; baseline 0.003 -22"><span class='ocrx_word' id='word_1_171' title='bbox 307 2804 411 2875; x_wconf 84' lang='lat' dir='ltr'>noris,</span> <span class='ocrx_word' id='word_1_172' title='bbox 432 2821 480 2862; x_wconf 92' lang='lat' dir='ltr'>aut</span> <span class='ocrx_word' id='word_1_173' title='bbox 504 2807 591 2864; x_wconf 90' lang='lat' dir='ltr'>etiam</span> <span class='ocrx_word' id='word_1_174' title='bbox 614 2805 702 2885; x_wconf 86' lang='lat' dir='ltr'>pluris</span> <span class='ocrx_word' id='word_1_175' title='bbox 723 2808 888 2869; x_wconf 71' lang='lat' dir='ltr'>emerint?</span> <span class='ocrx_word' id='word_1_176' title='bbox 908 2820 993 2869; x_wconf 81' lang='lat' dir='ltr'>uoutt</span> 
     </span>
    </p>
   </div>
   <div class='ocr_carea' id='block_1_6' title="bbox 307 2878 992 2979">
    <p class='ocr_par' dir='ltr' id='par_1_8' title="bbox 307 2878 992 2979">
     <span class='ocr_line' id='line_1_30' title="bbox 307 2878 992 2979; baseline 0.013 -34"><span class='ocrx_word' id='word_1_177' title='bbox 307 2878 447 2965; x_wconf 72' lang='lat' dir='ltr'>polium?</span> <span class='ocrx_word' id='word_1_178' title='bbox 465 2887 574 2950; x_wconf 82' lang='lat' dir='ltr'>etenim</span> <span class='ocrx_word' id='word_1_179' title='bbox 592 2887 642 2967; x_wconf 81' lang='lat' dir='ltr'>qui</span> <span class='ocrx_word' id='word_1_180' title='bbox 657 2885 820 2955; x_wconf 71' lang='lat' dir='ltr'>modoet</span> <span class='ocrx_word' id='word_1_181' title='bbox 834 2887 881 2961; x_wconf 84' lang='lat' dir='ltr'>itt¹</span> <span class='ocrx_word' id='word_1_182' title='bbox 896 2886 940 2961; x_wconf 75' lang='lat' dir='ltr'>ltia</span> <span class='ocrx_word' id='word_1_183' title='bbox 954 2902 992 2979; x_wconf 65' lang='lat'>,¹⁶⁴-</span> 
     </span>
    </p>
   </div>
   <div class='ocr_carea' id='block_1_7' title="bbox 1001 199 1009 296">
    <p class='ocr_par' dir='ltr' id='par_1_9' title="bbox 1001 199 1009 296">
     <span class='ocr_line' id='line_1_31' title="bbox 1001 199 1009 296; baseline 0 0"><span class='ocrx_word' id='word_1_184' title='bbox 1001 199 1009 296; x_wconf 86' lang='lat' dir='ltr'>l</span> 
     </span>
    </p>
   </div>
   <div class='ocr_carea' id='block_1_8' title="bbox 0 0 1306 4175">
    <p class='ocr_par' dir='ltr' id='par_1_10' title="bbox 0 0 1306 4175">
     <span class='ocr_line' id='line_1_32' title="bbox 0 0 1306 4175; baseline 0 0"><span class='ocrx_word' id='word_1_185' title='bbox 0 0 1306 4175; x_wconf 95' lang='lat' dir='ltr'> </span> 
     </span>
    </p>
   </div>
  </div>
 </body>
</html>
