2550 4175
371 735 629 806 Acrronrs
656 735 703 806 II.
729 735 770 807 L.
794 735 864 805 III.
895 740 974 827 '107

285 847 977 1009 rddffivclitlldsellnjetragdtteenlddudlddidabaritiigdisbbsdl

293 1014 331 1072 sit
351 1031 360 1084 ;
379 1012 534 1092 praesertim
557 1013 600 1084 si,
618 1027 650 1070 ut
670 1032 746 1070 nunc
768 1009 822 1084 fit,
841 1009 975 1070 custodes

294 1095 453 1153 amicorum
470 1114 536 1153 eum
549 1089 730 1152 sedabuntur
745 1113 753 1151 :
769 1093 907 1172 quoniam
922 1111 974 1172 pa-

293 1189 340 1234 ter
356 1189 417 1232 tam
431 1175 580 1255 negligens
594 1193 628 1232 ac
650 1170 796 1232 diffolutus
813 1170 864 1232 est.

339 1254 406 1330 163.
424 1253 538 1315 Verium
551 1254 607 1312 huc
620 1252 752 1335 longilu,
769 1251 856 1346 quiam
869 1249 976 1312 volun·

294 1348 337 1393 tas
357 1333 433 1407 fuit,
451 1334 488 1394 ab
505 1331 625 1416 epistola
641 1332 833 1393 Timarchidis
855 1331 976 1472 ἀίῗτείῐι

296 1411 339 1474 est
355 1418 447 1475 oratio
465 1435 551 1475 mea:
602 1411 976 1488 &recitatd‚conclr'1un1m

293 1514 344 1556 me
364 1493 419 1555 effe
436 1497 545 1555 crimen
562 1435 750 1555 dbcumarum
767 1494 917 1554 dixeram:
937 1513 975 1553 ex

295 1595 354 1653 quo
370 1573 566 1648 intellexistis,
579 1574 820 1636 innumerabilem
839 1574 977 1633 frumenti

296 1675 449 1714 numerum
468 1658 520 1736 p¹er
535 1656 689 1716 triennium
707 1653 840 1715 aversum
856 1672 977 1734 erepu-

296 1734 370 1794 blica
385 1733 462 1808 elle,
477 1752 666 1816 ereptumque
687 1733 856 1794 aratoribus.

337 1814 445 1874 LXX.
467 1813 621 1896 Sequitur,
639 1831 671 1875 ut
686 1815 723 1874 de
739 1813 885 1875 frumento
903 1810 977 1872 Enr-

297 1911 364 1955 Ρτο
382 1917 460 1969 vos,
478 1894 611 1968 Iudices,
630 1895 775 1969 doceam,
789 1896 916 1955 maximo
929 1910 978 1953 at·

295 1996 354 2058 que
372 1976 624 2057 impudentissimo
646 1975 725 2037 furto
744 1997 752 2035 ι
773 1975 811 2036 de
829 1995 887 2056 quo
908 1974 979 2035 dum

296 2074 399 2132 certa,
417 2060 450 2118 dt
491 2077 581 2131 auca,
601 2057 633 2117 &
651 2077 757 2141 magna
772 2056 867 2116 dicam
879 2055 977 2117 brevi-

295 2154 363 2212 ter,
380 2078 531 2198 attendite.
548 2137 736 2199 Frumentum
753 2157 851 2198 emere
864 2139 893 2195 in
905 2136 978 2196 Sici·

296 2219 335 2277 lia
356 2219 456 2278 debuit
474 2218 584 2278 Verres
602 2239 638 2278 ex
656 2216 924 2289 senatusconsulto,
944 2218 978 2276 δι

298 2318 336 2357 ex
352 2298 418 2381 lege
435 2297 597 2369 Terentia,
613 2298 647 2356 ὃ(
667 2296 769 2356 Cassia
784 2297 980 2356 frumentaria.

299 2375 424 2438 Emendi
441 2376 501 2438 duo
519 2395 626 2459 genera
642 2376 757 2436 fuerunt
773 2396 781 2435 ι
800 2398 888 2435 unum
903 2377 979 2436 alte·

276 2456 395 2518 ¹rarum
414 2458 598 2517 decumarum
619 2478 625 2515 :
644 2458 788 2530 alterum,
809 2456 889 2538 quod
904 2457 982 2537 prae-¹

298 2555 379 2599 terea
390 2537 548 2600 civitatibus
557 2538 703 2619 aequalitet
712 2535 782 2598 effet
793 2537 982 2599 distributum.

298 2618 376 2679 Illius
394 2619 548 2679 decumani
565 2635 700 2691 tantum,
718 2636 857 2700 quantum
871 2638 906 2678 ex
924 2622 982 2699 pri·

298 2704 353 2760 mis
370 2700 499 2760 decumis
514 2697 604 2759 fuisset
620 2720 627 2759 ε
644 2698 728 2780 hujus
744 2701 875 2781 imperati
896 2702 984 2760 tritici

298 2781 431 2841 modium
449 2799 523 2840 nccc
537 2779 643 2839 millia:
654 2783 777 2861 pretium
790 2797 888 2842 autem
905 2801 983 2840 con-

297 2859 425 2922 stitutum
459 2861 622 2922 decumano
649 2863 679 2921 in
707 2862 824 2923 modios
853 2860 985 2943 singulos

299 2940 365 3002 H·S
382 2942 457 3002 terni
475 2963 482 3001 τ
499 2945 644 3024 imperato
659 2941 726 3003 H·S
749 2960 798 3002 lv.
815 2938 860 3001 Ita
879 2941 910 3000 in
922 2938 985 3003 ὑπ’
1042 2942 1045 2951 '

300 3039 433 3083 mentum
452 3025 492 3083 im
515 3041 626 3083 eratum
646 3022 712 3083 H·S
731 3024 777 3083 bis
796 3022 829 3083 δι
844 3022 939 3083 nider
952 3023 981 3083 in

301 3122 392 3162 annos
409 3045 535 3186 singudbs
553 3102 641 3164 Verri
659 3096 977 3183 decernebatr'r‚qun¹

303 3183 462 3243 aratoribus
481 3183 606 3245 solveret
631 3205 638 3242 :
667 3186 697 3243 in
719 3183 822 3244 alteras
849 3182 945 3245 deeun

304 3260 397 3323 ferme
415 3263 456 3327 ad
470 3267 633 3346 nonagies:
649 3266 690 3328 sic
706 3283 760 3348 per
775 3264 925 3403 trifinni'un·
