2550 4175
385 387 642 455 Acrronrs
667 383 712 451 ΙΙ.
738 384 774 452 L
801 390 841 452 V.
900 404 975 478 257

292 519 351 582 que
370 498 476 560 abelli
495 497 629 577 periculis
644 512 735 556 tutam
754 496 812 560 effe
825 498 977 560 serratam.

295 637 303 646 ,
335 600 366 640 2.
387 578 472 660 Quid
487 598 598 659 agam,
621 576 761 637 ludices?
783 582 841 661 qub
861 580 977 640 accusa-

295 662 384 722 tionis
399 679 476 720 meae
493 660 638 717 rationem
658 656 833 721 conferam?
852 663 911 741 qub
928 680 977 721 me

293 738 435 805 vertam?
453 736 492 798 ad
511 757 616 798 ornnes
634 740 713 797 enim
729 760 814 801 meos
832 742 977 821 impetus,

295 824 377 900 qnasi
396 840 495 880 murus
513 817 655 898 quidam,
671 819 743 879 boni
760 841 869 882 nomen
883 823 978 901 impe-

293 904 396 962 ratoris
420 921 440 960 o
462 900 588 979 ponitur.
612 897 694 959 Novi
713 900 838 961 locum:
861 902 977 975 video,

294 981 345 1046 ubi
355 979 386 1041 se
405 921 557 1060 jugatums
576 981 612 1037 sit
627 978 800 1041 Hortensius
816 1002 824 1041 a
843 980 911 1041 belli
923 1000 979 1061 pe-

295 1061 405 1130 ricula,
418 1077 555 1139 tempora
570 1060 755 1139 reipublicae,
768 1064 977 1144 imperatorum

335 1142 448 1202 noriam
465 1140 733 1200 commemorabit:
753 1158 816 1200 rum
837 1141 980 1222 depreca-

295 1160 372 1280 bitur
386 1219 521 1292 evehis,
531 1235 593 1277 turn
603 1222 692 1279 etiam
707 1242 761 1301 pro
773 1221 823 1281 suo
836 1218 897 1298 jure
908 1241 980 1282 con·

295 1300 398 1368 tendet
408 1318 471 1373 ‚ne
485 1300 653 1379 patiamini,
669 1300 757 1360 talem
771 1302 980 1379 imperatorem

295 1379 411 1461 populo
425 1379 563 1440 Romano
576 1377 738 1439 Siculorum
749 1378 916 1440 testimoniis
926 1381 981 1439 eri-

296 1463 351 1542 pi;
367 1480 446 1522 neve
462 1460 557 1521 obteri
565 1458 682 1518 laudem
694 1461 910 1540 imperatoriam
922 1461 980 1520 cri-

297 1540 422 1608 minibus
434 1541 559 1602 avaritiae
574 1539 681 1599 velitis.

340 1637 369 1700 3.
392 1619 464 1684 Non
484 1617 599 1702 potrum
616 1618 817 1694 nissimuiare‚
841 1618 980 1682 Iudices:

297 1703 409 1775 timeo,
425 1723 464 1763 ne
483 1701 522 1763 C.
540 1700 649 1762 Verres
660 1719 790 1841 propter
805 1702 879 1762 hanc
890 1704 981 1763 virtu-

297 1799 360 1850 tem
380 1785 514 1844 eximiam
529 1784 559 1841 in
579 1800 610 1841 re
629 1785 667 1841 m‘
681 1784 763 1855 itari,'
776 1784 898 1855 omnia,
917 1801 981 1875 qua

294 1861 388 1938 fecit,
402 1862 521 1942 impune
539 1859 661 1919 fecerit:
677 1862 759 1920 venit
775 1863 851 1919 enim
866 1861 982 1921 mihtin

298 1957 454 2013 mentem,
472 1937 627 2017 injudicio
644 1937 700 1996 Μ’.
717 1937 825 2015 Aquilii
844 1954 983 2018 quantum

298 2020 505 2091 aubioritatis,
539 2031 678 2096 quantum
712 2018 856 2076 momenti
888 2017 984 2076 oratio

298 2100 349 2169 M.
370 2097 496 2158 Antonii
509 2093 635 2156 habuisse
653 2093 810 2155 existimata
828 2098 863 2154 sit
883 2116 893 2154 t
912 2098 984 2175 qui,

300 2197 332 2253 ut
356 2196 417 2239 erat
447 2180 476 2239 in
504 2175 630 2237 dicendo
654 2197 715 2237 non
737 2175 830 2235 solitnt
849 2173 1016 2255 sapiensp

299 2259 456 2323 sedetiam
476 2256 584 2330 fortis,
603 2256 690 2316 causi
712 2255 806 2336 propi
831 2255 987 2335 perorari,

299 2339 360 2420 ipse
381 2340 498 2420 arripuit
516 2336 569 2397 Μ’.
589 2335 762 2419 Aquilium,
785 2334 986 2417 constituitque

300 2423 331 2489 in
347 2419 499 2502 conspeiiu
519 2417 674 2489 omnium,
690 2418 873 2498 tunicamque
890 2414 952 2495 ejus
968 2438 985 2476 a

301 2499 421 2581 pestore
438 2498 575 2571 abscidit,
588 2515 620 2558 ut
635 2499 780 2558 cicatrices
791 2497 915 2578 populus
925 2496 987 2557 Ro·

300 2601 425 2655 manus,
451 2577 616 2658 judicesque
639 2577 843 2659 adspicerent,
861 2576 983 2638 adverso

300 2682 427 2740 corpore
446 2676 608 2736 exceptas:
628 2659 711 2718 simul
731 2659 763 2718 &
789 2659 825 2718 de
849 2659 900 2718 illo
919 2659 987 2718 vul·

301 2760 373 2809 nere
386 2785 396 2809 ,
407 2741 486 2820 quod
503 2740 550 2798 ille
569 2740 598 2796 in
615 2741 708 2817 capite
720 2738 756 2797 ab
774 2738 897 2796 hostium
913 2738 986 2798 duce

302 2835 483 2896 acceperat,
509 2817 599 2877 multa
627 2818 724 2875 dixit:
750 2815 845 2895 etiquc
869 2817 986 2876 adduxit

303 2917 383 2972 tot,
399 2898 448 2979 qui
466 2914 547 2961 erant
565 2895 735 2981 judicaturi,
750 2896 939 2959 vehementer
954 2917 986 2957 ut
