2550 4175
255 642 507 714 Acrronrs
531 640 578 716 ΙΙ.
603 640 641 716 L.
666 642 731 714 III.
787 661 862 738 117

180 752 267 818 sill'e:
287 757 432 838 publicam
458 761 610 840 pecuniam
635 758 754 819 domum
779 777 859 820 tuam

180 836 374 897 convertiffe?
388 838 419 899 Ο
428 839 604 899 consuetudo
614 840 864 923 peccandi,quan·

180 933 243 976 tarn
261 917 350 978 habes
373 916 581 997 jucunditatem
599 922 627 977 in
644 920 808 1000 improbis,
829 922 863 981 &

180 996 335 1058 audacibus
347 1043 357 1071 ‚
370 1021 460 1080 quum
473 1020 562 1081 poena
574 997 665 1059 ebfirit
678 1043 689 1073 ‚
702 1000 734 1060 δι
749 1001 864 1062 licentia

180 1076 335 1139 consecuta
347 1078 388 1139 est
402 1079 411 1139 l

226 1176 293 1235 177.
314 1157 369 1220 lste
388 1160 417 1219 in
436 1158 494 1219 hoc
512 1178 621 1242 genere
639 1156 788 1239 peculattis
802 1180 864 1220 nott

180 1257 258 1298 nunc
272 1243 396 1319 primum
411 1242 555 1301 invenitur
571 1263 578 1299 :
593 1238 643 1300 sed
658 1260 734 1298 nunc
746 1239 864 1301 demum

180 1333 305 1380 tenetur.
325 1318 460 1379 Vidimus
476 1321 540 1380 huic
551 1321 586 1380 ab
596 1321 696 1379 aerario
712 1323 865 1399 pecuniam

180 1401 324 1460 numerari
349 1398 480 1482 quaestori
504 1400 703 1480 adsumptum
721 1398 864 1460 exercitiis

181 1477 337 1540 consularis
351 1503 359 1540 t
373 1482 498 1542 vidimus
517 1482 613 1562 paucis
635 1477 700 1560 post
718 1481 864 1539 mensibus

182 1559 218 1618 ὃ(
235 1562 412 1634 exercitum,
430 1562 462 1621 &
473 1561 619 1622 consulem
636 1559 798 1641 spoliatum.
812 1558 865 1619 Illa

182 1641 279 1698 omnis
298 1641 420 1719 pecunia
442 1640 522 1700 latuit
542 1644 571 1699 in
598 1640 647 1699 illa
673 1639 792 1719 caligine
806 1682 816 1710 ‚
830 1660 866 1698 ac

181 1718 336 1792 tenebris,
361 1741 424 1800 quae
450 1736 543 1779 totam
567 1719 774 1797 rempublicam
803 1735 866 1778 tum

181 1819 257 1862 ectu
281 1817 409 1859 averunt.
431 1798 539 1858 lterum
562 1800 650 1880 gessit
666 1797 867 1859 hereditariam

181 1821 353 1962 tpiaeibrram
366 1900 431 1939 cum
444 1877 600 1939 Dolabella
612 1898 619 1936 τ
631 1899 764 1959 magnam
777 1897 867 1957 pecu·

181 1963 259 2022 niam
273 1962 377 2019 avertit
390 1957 458 2019 :sed
474 1959 536 2038 ejus
549 1962 692 2019 rationem
706 1979 770 2017 cum
782 1957 865 2017 dam-

181 2042 301 2102 natione
318 2038 483 2101 Dolabellae
508 2038 681 2122 permiscuit.
706 2037 865 2102 Commissa

182 2119 226 2182 est
245 2124 368 2201 pecunia
385 2137 465 2180 tanta
480 2124 618 2201 praetori:
639 2140 701 2178 non
716 2121 865 2200 reperietis

181 2202 333 2262 hominem
350 2200 472 2272 timide,
488 2220 543 2259 nec
555 2201 658 2259 leviter
673 2200 734 2259 haec
753 2203 865 2278 impro-

181 2282 301 2341 bissima
315 2281 391 2338 lucra
411 2280 591 2360 ligurientem
610 2299 617 2337 :
636 2277 779 2337 devorare
798 2299 868 2338 om-

181 2382 254 2423 nem
276 2362 428 2440 pecuniam
455 2359 601 2438 publicam
627 2378 688 2416 non
714 2356 866 2419 dubitavit.

181 2442 228 2505 lta
247 2438 333 2520 serpit
351 2439 421 2498 illud
431 2440 546 2498 insitum
564 2442 592 2498 in
615 2454 716 2496 natura
735 2436 865 2510 malum,

182 2519 391 2583 consuetudine
415 2519 555 2599 peccandi
577 2516 694 2589 liberti,
720 2514 809 2576 finem
834 2537 865 2578 ut

181 2602 309 2664 audaciae
324 2599 447 2659 statuere
460 2599 518 2679 ipse
532 2599 586 2657 sibi
602 2619 663 2656 non
681 2601 784 2677 possit.
804 2597 866 2658 Te-

182 2700 268 2745 netur
279 2684 363 2764 igitur
371 2681 543 2760 aliquando,
555 2681 621 2739 &in
633 2678 718 2736 rebus
731 2694 792 2736 tum
801 2699 866 2737 ma-

182 2766 267 2825 ximis
277 2806 289 2833 ‚
309 2777 371 2820 tum
393 2758 547 2820 manifestis
568 2775 693 2819 tenetur.
716 2757 814 2837 Atque
834 2760 864 2819 in

182 2864 251 2906 eam
272 2841 403 2900 fraudem
423 2840 491 2899 mihi
506 2839 621 2901 videtur
638 2839 773 2897 divinitus
790 2841 866 2897 inci-

183 2922 255 2984 dille
268 2965 278 2995 ‚
292 2942 354 2982 non
363 2921 455 2980 solitm
467 2937 497 2978 ut
514 2942 562 2981 eas
575 2940 697 3000 poenas,
711 2940 780 2998 quas
792 2940 867 2999 pro·

182 3003 263 3064 xime
276 2999 436 3072 meruiilet‚
451 2999 576 3060 solveret
591 3023 598 3058 :
611 2998 661 3059 sed
671 3017 702 3056 ut
718 2999 765 3057 illa
779 3001 865 3057 etiam

182 3082 292 3145 scelera
303 3079 363 3157 ejus
376 3082 405 3138 in
423 3078 611 3154 Carbonem,
625 3080 657 3141 ὅ(
671 3081 702 3139 in
719 3076 866 3142 Dolabel-

182 3166 245 3227 lam
262 3161 482 3240 vindicarentur.
