2550 4175
411 366 518 455 Prro
546 384 859 455 A.c,rc1uu.-
900 401 977 476 401

340 498 381 561 od
394 496 619 580 indignissimum
634 498 675 561 est
688 545 700 572 ,
714 498 840 580 futurum
853 499 983 561 arbitrati

312 596 381 654 unt,
398 596 430 639 ut
446 581 475 639 in
490 579 544 641 bac
562 579 643 642 causa
656 600 718 642 non
738 579 776 641 de
793 582 981 663 improbitate

298 658 366 722 Sex.
385 660 518 735 AEbutii3
536 660 586 723 sed
603 662 641 723 de
661 659 725 742 jure
749 661 826 723 civili
840 659 980 743 judicium

289 738 360 806 ,fieri
375 741 544 802 videretur*
816 753 820 760 ·

342 839 369 906 5.
386 820 457 900 Qua
466 824 496 881 in
506 842 557 896 re,
568 821 592 881 ri
605 820 675 882 mihi
690 818 852 883 effetunius
863 820 904 883 A.
916 819 982 885 Cn·

298 902 370 961 einae
391 900 472 963 causa
492 902 605 985 agenda
622 931 632 975 ,·
651 897 808 984 profiterer
831 901 896 963 satis
912 902 984 982 ido·

297 1001 385 1042 neum
395 980 452 1043 etse
462 1003 510 1045 me
520 982 704 1044 defensorem
713 998 891 1065 ,propterea
900 982 983 1065 qubd

297 1060 386 1123 fidem
404 1082 521 1138 meam,
537 1064 775 1147 diligentiamque
793 1063 984 1148 praestaremr

297 1163 361 1223 quae
375 1165 463 1227 quum
474 1143 537 1205 sunt
551 1148 582 1205 in
599 1145 698 1207 abiere
709 1144 817 1218 causa,
832 1146 903 1207 nihil
916 1144 981 1221 est,

296 1225 325 1284 in
344 1244 375 1285 re
392 1224 548 1305 prasertim
567 1242 666 1305 aperta
682 1247 715 1285 ac
733 1226 881 1305 simplici,
900 1226 982 1307 qubd

296 1305 441 1365 excellens
459 1307 608 1387 ingenium
626 1308 794 1384 requiratur.
813 1303 874 1365 sed
892 1325 982 1385 quum

297 1384 335 1443 de
347 1404 385 1443 eo
403 1383 467 1464 jure
481 1385 552 1445 mihi
572 1384 728 1445 dicendum
748 1386 785 1443 sit
799 1429 809 1457 ,
822 1384 902 1465 quod
912 1405 983 1466 per·

296 1466 389 1524 tineat
407 1464 445 1524 ad
463 1483 567 1525 omnes
579 1487 595 1536 ,'
605 1465 686 1544 quod
702 1462 888 1525 constitutum
908 1468 945 1524 sit
965 1488 982 1528 a

296 1542 481 1623 majoribus,
512 1543 713 1606 conservatum
742 1544 830 1624 usque
856 1543 894 1604 ad
921 1543 983 1607 hoe

295 1642 412 1707 tempus
431 1671 440 1702 ,
456 1646 516 1707 quo
530 1624 644 1687 sublato
665 1647 725 1688 non
740 1624 833 1687 solum
849 1645 916 1707 pars
932 1626 984 1687 ali·

296 1727 353 1787 qua
366 1704 435 1786 juris
449 1707 619 1778 deminuta,
630 1707 681 1769 sed
694 1710 781 1769 etiam
793 1709 839 1769 vis
852 1727 906 1781 ea,
916 1727 981 1789 qua

294 1783 350 1867 juri
366 1789 491 1848 maxime
511 1785 553 1848 est
574 1788 753 1863 adversaria,
774 1785 887 1867 judicio
903 1810 981 1852 con·

296 1865 408 1928 firmata
425 1867 482 1929 esse
497 1867 631 1928 videatur
647 1890 655 1928 ε
673 1869 763 1929 video
780 1869 881 1929 summi
898 1872 982 1951 inge*

295 1950 335 2009 nii
364 1945 476 2008 causam
505 1945 562 2007 ess'e
582 1967 591 2020 ;
611 1968 674 2008 uon
696 1950 739 2007 uti
767 1946 981 2011 demonstretur·

295 2028 377 2111 quod
393 2044 460 2090 ante
474 2023 649 2103 oculos-est,
666 2026 717 2089 sed
731 2048 790 2101 ne,
804 2030 827 2088 si
843 2030 905 2110 quis
921 2033 981 2090 νοῒ
1088 2023 1095 2049 ·’

295 2111 339 2172 bis
360 2129 442 2170 error
457 2111 486 2168 in
504 2122 585 2167 tanta
603 2127 634 2168 re
653 2110 688 2167 sit
705 2106 858 2186 objeiius,
876 2126 982 2172 omnes
1075 2153 1077 2157 ,

295 2192 393 2273 potius
418 2208 467 2250 me
491 2188 663 2248 arbitrentur
686 2188 793 2265 causae,
812 2188 900 2272 quim
921 2210 982 2252 voa

293 2271 346 2332 reli
367 2271 428 2330 ioni
440 2267 542 2332 vestrae
554 2267 684 2330 defuisse.

337 2290 366 2413 ξ
386 2350 576 2431 Quamquam
591 2369 649 2432 ego
660 2350 730 2411 mibi
740 2353 779 2411 sic
793 2349 953 2432 persuadeo
966 2364 978 2425 ,'

295 2430 547 2513 Recuperatores‚
563 2451 623 2491 non
637 2453 694 2492 vos
705 2448 766 2491 tam
775 2447 896 2513 propter
909 2429 981 2510 juris

295 2511 468 2588 obscuram,
488 2512 665 2594 dubiamque
679 2515 843 2587 rationem,
860 2512 904 2572 bis
918 2510 978 2588 jam

297 2593 335 2650 de
346 2591 449 2652 eadem
462 2592 543 2653 causa
556 2591 712 2666 dubbaffe,
724 2593 831 2675 quim,
845 2594 925 2673 qubd
934 2595 978 2653 vi·

297 2671 382 2731 detur
390 2672 425 2731 ad
436 2673 573 2732 summam
585 2675 657 2734 iliius
668 2673 908 2734 existimationem
918 2676 978 2734 hoc

295 2749 436 2834 judicium
458 2754 624 2830 pertinere,
642 2776 755 2812 moram
772 2754 810 2812 ad
833 2754 979 2813 condem-

296 2830 426 2895 nandum
445 2851 478 2890 ac
499 2828 613 2903 unisse,
631 2831 716 2890 simul
736 2832 769 2890 &
795 2831 836 2890 illi
857 2831 978 2913 spatium

296 2911 336 2980 ati
356 2908 415 2976 sese
438 2851 636 2995 cofligeudum
652 2909 769 2977 dedisse.
790 2910 884 2995 Quod
898 2935 978 2996 quo-
