2550 4175
349 525 782 651 Pn'oA.„Cac1uA.
843 580 922 659 405

195 726 197 730 .
238 675 332 739 soluta
345 720 357 748 ,
372 672 516 755 Fulcinius
534 678 601 755 lrul'c
617 678 711 742 fundo
732 679 829 741 uxoris
854 702 927 742 con·

238 760 358 820 tinentia
373 759 506 841 quadarn
529 760 654 842 praedia,
680 779 766 842 atque
789 758 928 846 adjundla·

238 842 391 901 mereatur.
408 836 535 900 Moritur
543 840 688 901 'Fulcinius
702 841 816 914 (multa
825 844 922 918 enim,

279 943 304 980 ae
320 919 384 979 sunt
409 922 514 994 inere,
532 922 599 1002 quia
616 937 731 980 remota
747 920 810 980 sunt
827 936 929 983 aean·

237 941 288 1075 dd,
314 1002 563 1081 praetermittam)
588 999 762 1063 testamento
780 1001 846 1061 facit
869 1003 927 1064 he-

237 1080 341 1142 redem
350 1125 361 1154 ,
379 1091 467 1162 quern
481 1081 635 1143 habebare
653 1079 802 1142 Caesennia
817 1080 925 1144 filiurnt

237 1156 442 1222 usumfrlrstum
471 1164 602 1224 omniurn
635 1163 782 1223 bonorum
810 1160 930 1224 suorum

237 1240 397 1384 {lastaria
423 1242 526 1324 legat,
550 1261 583 1304 ut
602 1241 746 1305 frueretur
771 1242 829 1304 und
858 1264 927 1306 cunr

281 1344 312 1384 ο.
521 1347 524 1353 .
783 1345 787 1354 .

283 1423 329 1464 12.
348 1402 476 1487 Magnus
495 1404 592 1463 honos
610 1405 685 1477 viri,
699 1401 840 1482 jucundus
856 1425 926 1464 mu·

237 1483 301 1545 lieri
309 1483 419 1557 suisset,
432 1487 456 1542 si
464 1484 627 1543 diuturnum
637 1482 694 1544 esse
704 1482 821 1558 licuisset
831 1502 839 1542 ε
848 1483 931 1545 θυεέ

238 1581 317 1624 retur
334 1567 412 1624 enirn
428 1565 521 1623 bonis'
533 1584 598 1623 curn
618 1584 680 1637 eo,
697 1578 785 1704 {uem
804 1563 857 1622 suis
872 1564 929 1623 bo·

238 1646 283 1704 nis
298 1644 437 1705 heredem
450 1642 506 1704 elle
524 1666 558 1702 cu
581 1645 681 1717 lebat,
744 1664 780 1704 ex
790 1664 850 1724 quo
863 1665 928 1704 ma-

238 1726 350 1785 ximum
376 1723 500 1784 frustum
525 1665 584 1804 ipsi
607 1725 751 1806 capiebat.
771 1722 830 1784 Sed
849 1724 928 1785 hune

241 1805 364 1865 frustum
381 1805 492 1865 mature
508 1801 624 1864 fortuna
635 1805 745 1866 ademit
759 1825 771 1863 :-
782 1805 930 1866 natnbre-
956 1840 965 1855 κ
981 1806 983 1811 ’

238 1888 345 1948 vitem
368 1906 420 1948 ore
439 1885 484 1945 M.
498 1884 642 1947 Fulcinius
661 1884 827 1947 adolescens
843 1907 929 1946 mor·

238 1984 304 2027 tuus
325 1909 391 2028 ed:
415 1966 557 2027 heredem
575 1965 609 2027 P.
631 1964 815 2028 Caesennium
829 1966 899 2028 fecit
917 1989 926 2028 ε

239 2051 323 2108 uxori
341 2047 450 2130 grande
479 2047 594 2128 pondus
617 2051 751 2129 argenti,
783 2051 927 2129 matrique

239 2144 353 2210 partem
372 2128 517 2188 bonerum
533 2124 677 2207 majorem
688 2128 806 2210 legavit.
825 2126 928 2210 ltaque

239 2211 270 2269 in
308 2227 402 2269 artem
418 2208 553 2268 mulieres
567 2206 763 2268 vocataesunt.

280 2231 322 2348 ld.
344 2288 447 2368 Quum
466 2285 535 2347 esset
552 2286 615 2347 hac
640 2287 734 2348 aneio
753 2285 927 2351 hereditaria

240 2368 416 2441 constituta3
432 2369 565 2429 AEbutius
580 2366 631 2428 iste
645 2413 654 2441 ,
666 2370 715 2448 qui
731 2365 842 2447 jamdiu
856 2365 932 2429 Cae-

238 2449 345 2512 senniae
362 2450 527 2522 viduitate,
546 2469 579 2507 ac
599 2448 753 2509 solitudine
775 2449 928 2526 aleretur,

240 2554 274 2593 ac
290 2532 319 2593 se
330 2528 392 2612 ejus
410 2533 440 2590 in
452 2530 674 2591 familiaritatem
691 2528 855 2590 insinuasset
873 2530 928 2590 hac

240 2616 378 2687 ratione,
399 2629 431 2672 ut
459 2632 526 2671 eum
550 2611 648 2705 aliquo
675 2609 725 2671 suo
748 2611 928 2692 compendio

241 2695 361 2773 negotia
378 2692 523 2764 mulieris,
542 2713 635 2773 siqua
654 2692 840 2765 acciderent,
856 2711 930 2752 con·
989 2702 991 2707 '
1015 2745 1018 2750 .

241 2772 451 2854 troversiasque
475 2772 650 2853 susciperet3
669 2771 835 2833 versabatur
850 2792 929 2912 {uo-
1003 2845 1009 2858 .

241 2872 299 2934 que
318 2872 359 2911 eo
376 2870 511 2934 ternpore
535 2854 564 2911 in
583 2855 627 2913 his
640 2853 799 2914 rationibus
815 2874 850 2911 au
879 2855 930 2913 io-

242 2936 312 3002 riis·,
331 2932 542 3013 &partitionis
562 2949 676 3013 :atque
701 2935 789 2992 etiam
814 2930 844 2990 se
867 2932 927 3014 ipse

242 3011 406 3082 inserebat,
424 3012 456 3071 &
474 3009 639 3071 intrudebat
659 3030 668 3082 ;
688 3009 720 3070 &
737 3014 767 3070 in
782 3016 928 3094 eamopi-

242 3097 364 3156 nionent
378 3088 559 3153 Caesenniam
573 3090 758 3168 adducebat,
774 3107 806 3153 ut
823 3095 929 3154 mulier
