2550 4175
362 389 438 487 318
535 390 595 457 IN
635 384 887 458 Ventrem

361 506 456 568 buerit
474 503 647 567 constratam
667 523 798 580 navem,·
818 506 851 565 &
871 504 966 565 minius
984 506 1049 566 eti·-

362 590 491 649 nanitam
506 595 516 645 r
532 583 635 647 Pereat
657 582 836 647 Cleomenes
853 585 920 646 unit.
935 584 999 646 Ubi
1012 585 1051 647 si·

356 666 439 731 des?
457 665 506 727 ubi
519 665 729 728 exsecrationes
739 664 751 725 i
763 667 812 726 ubi
822 666 951 741 dextre,
965 687 1051 728 com·

354 774 359 782 ·
386 746 543 844 lexuscpue?
560 746 609 807 ubi
620 744 691 806 illud
707 748 928 809 contubernium
941 747 1050 810 mulie·

358 768 423 887 ¹Eris
446 829 553 888 mrlitiae
571 829 601 887 in
624 827 676 887 illo
696 826 900 888 delicatissimo
923 819 1050 889 littore?

361 906 441 970 Fieri
455 908 533 969 nullo
544 906 637 968 modo
648 921 766 989 poterat
779 952 790 983 ,
805 908 875 991 quin
892 905 1051 970 Cleomeni

362 1005 541 1072 parceretur.

406 1086 477 1150 ‚top
491 1066 687 1128 Cleomenem
697 1080 804 1127 vocat:
815 1067 884 1128 dicit
896 1068 924 1128 ei
935 1066 1052 1142 ,se-sitt-

363 1146 446 1209 tuisse
464 1147 695 1208 animadvertere
705 1149 735 1207 in
746 1168 850 1209 ornnes
867 1149 1049 1210 nauarchos:

358 1228 406 1289 -ita
427 1227 467 1289 sui
485 1228 604 1309 periculi
615 1228 741 1289 rationes
760 1226 857 1302 serre,
875 1250 909 1288 ac
922 1227 1052 1310 postula·

358 1329 409 1371 ue.
421 1308 490 1369 Tibi
507 1310 556 1368 uni
572 1327 708 1390 parcam,
724 1307 855 1369 &totius
869 1307 946 1369 istius
961 1309 1052 1391 culpe

359 1392 476 1451 crimen
493 1434 503 1463 ‚
529 1391 833 1472 vituperationemque
852 1388 1052 1451 inconstantia

366 1473 463 1555 potiits
473 1468 641 1552 suscipiam,
659 1468 747 1552 quim
763 1481 813 1531 aut
828 1471 858 1529 in
869 1486 900 1531 te
917 1472 973 1529 sim
985 1491 1054 1530 cru·

367 1549 467 1625 delis‚
485 1565 534 1610 aut
551 1566 597 1611 tot
623 1563 684 1610 tam
707 1570 811 1631 graves
837 1548 924 1612 testes
945 1550 1053 1625 vivos,

366 1629 583 1711 incolumesque
593 1628 650 1691 esse
659 1633 760 1711 patiar.
771 1629 844 1713 Agit
870 1628 1055 1692 ratiasCleo·

367 1730 471 1772 menes
485 1710 647 1791 ,approbat
657 1711 809 1770 consilium
822 1732 830 1769 ε
842 1652 911 1772 sicit
922 1755 932 1784 ‚
943 1713 984 1785 ita
991 1709 1054 1773 freti

367 1804 509 1872 oportere
525 1810 532 1849 :
548 1789 688 1851 admonet
702 1805 803 1852 tamen
817 1791 909 1866 illud,
924 1792 1007 1873 quod
1018 1790 1054 1850 is·

363 1887 432 1933 tum
441 1869 555 2011 superat
565 1916 575 1946 ,
584 1871 615 1931 in
624 1869 796 1954 Phalergum
808 1916 819 1947 ,
829 1870 1054 1955 Centuripinum

367 1973 477 2014 navarc
498 1971 567 2026 um,
583 1972 644 2014 non
660 1950 741 2035 posse
754 1952 948 2014 animadverti
961 1995 972 2027 ,
985 1960 1056 2034 pro-

316 2047 318 2051 ‘
363 2048 472 2118 pterea
484 2032 565 2117 quod
585 2032 681 2096 secum
693 2030 786 2096 suisset
802 2032 861 2095 uni
874 2036 904 2094 in
917 2031 1061 2096 Centuti*

362 2136 439 2198 -prna
461 2115 646 2197 quadriremi.
671 2113 754 2195 Quid
773 2134 805 2177 er
825 2114 869 2176 o?
891 2111 943 2175 iste
961 2114 1055 2174 homo

370 2214 409 2259 ex
429 2193 571 2277 ejusmodi
590 2196 731 2270 civitate,
749 2135 919 2257 adoiescens
936 2194 1058 2255 nobilis·

372 2279 485 2350 simus,
502 2273 580 2337 testis
603 2275 779 2356 relinquetur
793 2275 805 2336 i
825 2273 860 2334 ln
883 2274 1056 2355 praesentia,

363 2357 465 2439 inquit
484 2353 666 2420 Cleomenes
685 2399 695 2426 ‚
717 2356 856 2436 quoniam
873 2356 917 2412 ‘ita
941 2353 1057 2415 necesse

371 2434 416 2498 esi
436 2434 509 2497 :sed
548 2432 591 2495 ost
613 2434 720 2515 aliquid
739 2434 923 2506 videbimus,
942 2452 981 2493 ne
1005 2434 1057 2498 isle

366 2515 459 2578 nobis
476 2456 591 2576 obsare
607 2515 710 2595 possit.

365 2591 712 2674 ··-XL1.'Haecpostea
753 2590 1058 2666 amasia,&consti·

364 2686 435 2738 tota
454 2674 542 2750 sunt,
557 2672 693 2756 procedit
710 2675 720 2734 i
744 2692 762 2736 e
777 2673 898 2755 repente
913 2693 930 2734 e
948 2691 1058 2754 praeto·

367 2759 439 2832 ¹tio,
458 2757 651 2818 inflammatus
668 2752 797 2830 scelere,
810 2753 935 2828 surore,
951 2755 1057 2815 crude·

367 2837 456 2901 ·litet‘e
475 2861 482 2898 :
500 2841 529 2898 in
546 2836 643 2898 forum
659 2838 762 2898 venit:
782 2836 942 2898 nauarchos
957 2837 1059 2896 vocari

365 2911 467 3002 iubet.
488 2919 551 3003 Qui
561 2919 630 2982 nihil
649 2935 838 2996 metuerent,
854 2916 923 2980 nihil
937 2913 1059 2999 suspica·
