2550 4175
376 362 627 439 Acrrours
651 367 698 437 ΙΙ.
723 366 760 436 L.
783 365 848 436 HI.
902 385 975 457 129

293 484 451 565 provinciae
463 528 474 557 ,
486 483 638 545 duodenos
649 481 790 546 sestertios
806 478 934 562 exegisti.
946 478 976 540 Si

294 564 367 622 mihi
388 580 485 623 recum
504 584 600 645 neque
618 563 657 623 de
678 584 814 637 annona,
829 580 924 642 neque
937 559 976 621 de

295 641 483 704 aestimatione
508 658 556 704 tua
595 640 670 704 otest
685 641 742 704 esse
759 643 976 715 controversia,

294 723 365 803 quid
381 722 486 785 sedes?
509 665 766 805 quisexspeeas,
786 724 855 803 quid
872 720 977 785 defeu-

294 802 978 886 des?Utrumribipecuniaeconciliaraevidentu

294 879 451 944 adversum
465 885 567 967 seges,
581 885 734 946 adversum
748 883 975 963 rempublicam,

295 986 362 1024 cum
382 966 505 1027 maxima
523 965 666 1027 sociorum
686 962 788 1043 injuria
812 984 820 1022 :
843 984 880 1024 an
901 963 976 1024 vere

293 1044 326 1103 id
336 1044 431 1120 reste,
446 1046 549 1107 ordine
562 1091 571 1121 ,
586 1068 603 1108 e
619 1045 787 1127 republica,
806 1046 868 1106 sine
881 1040 975 1124 cujus*

293 1146 382 1207 quam
399 1124 501 1204 injuria
518 1124 624 1188 fadum
638 1124 695 1188 esse
710 1124 874 1190 defendes?
963 1157 968 1180 ·-

341 1224 406 1286 195·
424 1206 527 1286 Quum
542 1208 595 1267 ribi
603 1206 717 1268 senatus
726 1228 764 1268 ex
777 1209 876 1267 aerario
907 1223 976 1268 ecu÷

293 1287 371 1346 niam
389 1286 591 1368 prompsisset,
610 1288 644 1349 &
664 1288 792 1370 singulos
810 1286 863 1347 tibi
880 1227 974 1346 dena·

296 1368 357 1425 rios
379 1365 611 1441 adnumerasset,
653 1389 707 1428 uos
730 1387 764 1429 tu
785 1386 839 1447 pro
858 1365 977 1446 singulis

294 1446 401 1505 modiis
430 1449 589 1508 aratoribus
610 1388 738 1509 sdsveres
762 1468 770 1505 ε
791 1446 860 1528 quid
878 1444 977 1506 facere

295 1524 447 1587 debuisti?
463 1525 513 1602 Si,
529 1526 609 1610 quod
620 1525 655 1586 L.
669 1526 732 1587 Piso
748 1526 797 1587 ille
809 1526 914 1607 Frugi,
927 1526 977 1607 qui

294 1607 394 1689 legem
415 1607 452 1669 de
471 1609 602 1690 pecuniis·
612 1607 779 1687 repetundis
797 1610 906 1688 primus
927 1624 979 1672 tue

294 1688 350 1761 lit;
371 1710 459 1771 quum
476 1687 586 1750 emisses
603 1690 701 1769 quanti
721 1686 812 1761 esset3
832 1686 913 1771 quod
927 1686 977 1749 su·

294 1786 410 1850 peraret
421 1772 566 1851 pecunie,
580 1767 742 1831 retulisses:
764 1771 810 1843 ai,
830 1786 862 1830 ut
879 1769 977 1829 ambi-

294 1850 364 1908 tiosi
385 1850 542 1923 homines,
561 1868 609 1911 aut
625 1850 766 1931 benigni3
784 1870 872 1930 quum
887 1850 978 1931 pluris'

295 1928 410 1989 senatus
428 1927 607 2002 aestimasset,
624 1929 712 2008 quim
725 1933 823 2009 quanti
837 1928 907 1990 esset
922 1941 977 1989 an*

297 2028 399 2082 nona,
419 2028 455 2069 ex
480 2006 592 2068 senatus
617 2006 833 2081 aestimatione,
857 2030 918 2067 non
940 2027 979 2069 ex

297 2109 422 2151 annonae
438 2090 550 2148 ratione
564 2082 712 2182 ,solvisses
729 2107 736 2146 :
755 2090 821 2160 sin,
837 2105 868 2148 ut
888 2090 977 2168 pleri-1

296 2191 355 2253 que
387 2169 516 2242 faciunt,
540 2170 570 2227 in
597 2188 656 2250 quo
677 2169 765 2226 etiam
794 2184 855 2228 erat
878 2170 978 2309 asppuis
1077 2202 1082 2213 „

320 2249 442 2325 uaesius,
463 2248 512 2310 sed
525 2249 548 2308 is
565 2245 701 2309 honestus
717 2264 802 2328 atque
815 2270 905 2317 conce
928 2272 961 2310 us
967 2272 979 2324 3

297 2275 472 2393 siumentum
481 2375 491 2405 ,
500 2330 638 2412 qupniam
650 2327 733 2390 vilius
743 2346 804 2390 erat
819 2375 829 2404 ,
843 2350 881 2390 ne
893 2330 979 2393 emis·

296 2412 361 2474 ses:
377 2408 536 2493 sumpsisses
553 2410 583 2470 id
601 2429 808 2484 nummorum,
827 2411 907 2492 quod
924 2412 978 2478 tibi

297 2491 429 2566 senatus,
444 2492 524 2553 cellae
539 2492 680 2569 numine,
703 2489 890 2566 concesserat.
921 2556 923 2561 ,
973 2531 976 2536 ,

339 2571 521 2633 LXXXV.
541 2572 611 2632 Hoc
629 2572 702 2635 veri)
719 2572 789 2654 quid
810 2570 873 2632 est?
890 2595 978 2653 quam

298 2652 386 2712 habet
402 2653 561 2728 rationem,
574 2675 635 2713 non
647 2674 743 2735 quaero
755 2655 911 2734 aequitatis,
927 2653 978 2714 sed

299 2735 386 2811 ipsius
394 2733 583 2812 improbitatis
593 2779 602 2807 ,
611 2750 696 2813 atque
705 2735 909 2814 impudentiae?
920 2733 980 2794 Ne·

300 2830 357 2890 que
373 2813 450 2875 enim
468 2811 509 2875 est
519 2811 581 2887 sere
591 2815 767 2895 quidquam,
786 2814 866 2894 quod
880 2815 980 2874 homi-i

301 2910 354 2952 nes
371 2892 474 2982 palam
485 2891 581 2958 facere
599 2893 722 2962 audeant
743 2915 773 2956 m
792 2893 981 3036 mFagistratss'i

858 2997 875 3035 V

1052 2740 1109 3031 s
