2550 4175
386 390 459 464 ¹44
550 369 613 434 IN
655 370 902 434 VERREM

376 535 379 540 .
403 485 499 546 osthac
509 504 597 544 nemo
608 528 618 558 ‚
628 484 681 541 nisi
692 479 874 539 stultissimus
884 495 970 550 ,non
981 475 1066 537 faciet.

378 509 513 647 improbi
532 563 616 635 sunt,
638 561 686 642 qui
706 560 844 642 pecunias
864 573 976 617 contra
999 557 1066 638 leger

381 661 511 728 cogunt:
525 642 618 717 stulti,
630 642 700 723 qui,
713 638 794 722 quod
805 639 900 700 licere
915 634 1068 718 judicatum

382 724 425 787 est
440 726 691 806 ,praetermitrunt.

376 833 379 838 ·
425 824 494 865 220.
512 802 630 864 Deinde
648 847 659 876 ,
682 799 819 871 ludices,
836 795 948 859 videte
962 841 973 872 ‚
989 815 1066 880 quan

382 883 524 945 infinitam
545 885 604 943 sitis
622 879 788 941 horninibus
811 878 971 938 licentiam
988 897 1069 960 pecu·

383 969 495 1026 niarum
505 962 717 1043 eripiendarum
731 960 834 1019 daturi.
856 957 890 1018 Si
905 974 1011 1020 ternos
1027 958 1068 1018 de·

380 1045 544 1123 'narios'qui
557 1046 611 1103 coe
632 1044 672 1113 it,
686 1041 740 1100 erit
762 1037 943 1098 absolutus:
964 1055 1069 1122 quater·

381 1147 459 1197 nos,
473 1125 598 1204 quinos,
611 1063 704 1181 §enos
720 1119 848 1200 denique
861 1162 875 1190 ,
890 1135 945 1179 aut
961 1121 1068 1180 vicenos

383 1221 475 1286 coget
491 1204 570 1263 alius.
584 1202 662 1282 Quae
673 1201 727 1261 erit
743 1197 943 1278 reprehensio
963 1198 1068 1280 iinquo

384 1287 510 1366 primum
520 1280 629 1358 iniuriae
645 1279 736 1363 gradu
753 1276 888 1339 resistere
900 1281 1026 1362 incipiet
1037 1278 1070 1340 se·

385 1368 491 1426 veritas
505 1361 630 1442 judicis?
645 1376 750 1442 quotus
768 1360 823 1420 erit
843 1355 899 1420 iste
921 1359 1069 1433 denarius,

383 1448 435 1526 qui
455 1464 517 1504 non
535 1445 570 1502 sit
585 1441 743 1514 ferendus,
765 1439 797 1500 &
817 1441 848 1498 in
869 1459 935 1522 quo
955 1443 1070 1522 primun

385 1525 578 1585 aessimationis
601 1522 761 1602 iniquitas,
786 1535 879 1601 atque
905 1522 950 1580 irn
975 1520 1070 1582 rebitas

384 1601 632 1685 reprehendatur?
647 1602 797 1660 nonenim
808 1621 827 1660 a
842 1599 937 1662 vobis
949 1541 1069 1674 famma,

384 1683 436 1743 sed
450 1702 540 1764 genus
556 1679 749 1739 aestimationis
763 1681 817 1740 erit
830 1681 1069 1762 comprobatum.

385 1762 492 1843 Neque
509 1761 566 1820 hoc
576 1759 694 1841 potestis
712 1758 842 1839 judicate
856 1804 869 1835 ‚
882 1763 981 1823 ternis
993 1762 1070 1824 dena·

386 1844 433 1902 riis
446 1839 583 1902 aestimare
600 1840 707 1913 licere·‚
723 1840 805 1901 denis
821 1860 888 1902 non
905 1841 1002 1906 licere
1012 1863 1019 1904 r
1031 1843 1069 1902 uhi

384 1926 466 1983 enim
482 1920 572 1982 semel
581 1921 617 1980 ab
631 1941 755 1981 annonae
763 1922 881 1982 ratione
893 1965 904 1996 ‚
916 1923 954 1984 δι
967 1925 1005 1984 ab
1016 1941 1069 1982 ara-

385 2021 484 2063 torum
498 2002 651 2063 voluntate
662 2022 707 2062 res
724 2000 760 2060 ad
772 2003 909 2080 pretoris
927 2003 1069 2066 libidinem

386 2082 518 2145 transsata
535 2080 598 2156 est3
613 2104 674 2142 non
690 2083 730 2142 est
747 2079 807 2161 jam
824 2083 858 2142 in
878 2081 977 2167 lege,
996 2102 1069 2169 atque

380 2169 416 2225 in
433 2162 550 2235 officio,
563 2163 611 2222 sed
628 2165 658 2221 in
676 2162 828 2223 voluntate
842 2162 1025 2241 hominum,
1037 2182 1070 2226 at·

385 2263 444 2326 que
460 2244 596 2316 avaritia,
609 2243 720 2323 positus
731 2241 836 2302 modus
853 2241 1029 2309 aestimandi.

427 2320 540 2382 XCV.
553 2321 764 2403 Quapropter,
778 2324 871 2384 sivos
889 2322 988 2389 semel
997 2328 1025 2387 in
1034 2322 1069 2405 ju·

385 2402 512 2462 dicando
529 2398 619 2461 finem
643 2403 782 2482 aequitatis
801 2402 833 2463 &
853 2403 932 2486 legis
958 2410 1069 2469 transie-

385 2484 446 2541 ritis
458 2501 468 2553 ;
484 2480 607 2556 scitote,
620 2501 676 2542 vos
691 2482 801 2541 nullum
824 2488 939 2545 ceteris
962 2490 994 2549 in
1008 2484 1069 2549 essi-

385 2561 494 2621 mando
512 2559 602 2621 finem
617 2561 808 2641 improbitatis
826 2562 862 2621 &
879 2567 1014 2629 avaritia
1030 2585 1067 2625 re·

385 2638 505 2721 liquisse.
526 2640 636 2700 Videte
653 2644 757 2722 igitur,
774 2640 866 2721 quim
880 2646 980 2709 multa
997 2644 1066 2709 simul

384 2740 403 2779 a
423 2719 508 2780 vobis
525 2717 717 2800 postulentur.
737 2719 896 2785 Absolvite
917 2746 991 2789 eum
1007 2726 1067 2808 ,qui

315 2866 319 2873 ¹
381 2802 414 2859 se
435 2798 556 2859 fateatur
571 2803 710 2860 maximas
751 2803 868 2862 ecunias
882 2826 958 2869 curn
972 2808 1065 2869 sumna

383 2878 529 2941 sociorum
541 2877 644 2963 injuria
653 2882 716 2963 cep'
767 2901 848 2945 :non
863 2882 908 2947 est
919 2886 999 2951 satis.
1009 2888 1065 2951 Sunt

1081 3216 1109 3527 L
