2550 4175
341 612 486 709 3478·
596 611 826 682 Quarto

369 728 433 796 sunt
447 741 522 787 artes
537 726 669 802 eximiae,
682 721 765 803 hujus
779 720 952 798 administra
961 723 1052 799 contii

369 808 599 890 tesquevirtutis.
607 806 655 865 Ac
663 807 788 888 primitm
796 802 905 887 quanti
914 807 1052 878 innocen·

368 889 410 951 rit
425 888 535 949 debent
554 884 611 948 effe
624 889 816 969 imperatores
827 884 963 966 iquanti¹
980 887 1053 960 dein·

369 969 411 1029 de
423 969 559 1029 omnibus
567 970 599 1027 in
613 967 699 1027 rebus
713 966 931 1049 temperantiii
952 966 1054 1049 quanti

366 1048 450 1112 fide?
469 1048 576 1130 quanti
595 1046 755 1109 facilitate?
776 1062 888 1130 quanto
911 1046 1053 1132 ingenio?

367 1130 478 1228 quanti
496 1128 697 1189 humanitate?
709 1128 786 1210 Quae
796 1129 928 1189 brevitet
938 1135 957 1203 ,'
967 1129 1055 1210 qualia

368 1229 427 1272 sint
458 1212 487 1269 in
513 1208 571 1270 Cn.
600 1207 773 1289 Pompeio,
804 1209 1053 1280 consideremus:

367 1292 480 1354 summa
499 1294 576 1351 enim
600 1292 699 1362 omnia
716 1289 805 1362 sunt,
826 1288 963 1377 Quirites
982 1311 990 1360 3
1011 1289 1055 1368 sed

368 1392 405 1433 ea
426 1372 517 1456 magis
536 1390 573 1442 ex
592 1369 715 1428 aliorum
736 1372 953 1444 contentione,
972 1370 1054 1452 quipe

366 1450 428 1531 ipsa
443 1471 496 1532 per
513 1450 572 1511 sese
591 1449 730 1533 cognosci
745 1466 832 1531 atque
850 1449 1055 1535 intelligipos-

365 1532 442 1595 sunt.
857 1573 861 1579 ·
961 1537 963 1542 '

396 1609 460 1692 '37.
476 1609 578 1692 Quem
593 1610 670 1671 enim
685 1606 833 1691 possumus
847 1610 1054 1692 imperatorem

369 1693 466 1775 aliquo
479 1695 509 1752 in
527 1711 650 1751 numero
668 1708 796 1770 putare,
816 1688 899 1770 cujus
920 1693 952 1752 in
974 1713 1055 1764 exer·

365 1776 429 1834 ‘citu
445 1789 572 1834 veneant
584 1774 779 1846 centuriatus,
792 1779 880 1853 arque
891 1771 1053 1846 venierint!

365 1853 441 1936 'quid
461 1854 537 1913 hunc
555 1854 706 1925 hominem
729 1874 897 1935 magnum,
927 1874 978 1914 aut
998 1876 1054 1926 am·

300 1975 313 1985 ,
368 1936 452 2018 plum
466 1934 503 2010 de
513 1934 661 2016 republica
671 1935 823 2021 cogitare,
840 1935 889 2024 qui
899 1938 1054 2014 ,Pecuniam

370 2034 408 2075 ex
424 2018 524 2078 aeratio
546 2014 753 2096 'depromptam
772 2013 810 2084 ad
831 2015 945 2085 bellum
965 2017 1054 2089 adrni-

371 2092 547 2166 nistrandum
561 2141 571 2168 ,
586 2113 633 2154 aur
650 2114 770 2179 propter
783 2095 976 2177 cupiditatem
986 2121 1053 2180 pro·

371 2176 474 2237 vincia
484 2174 694 2259 magistratibus
708 2174 853 2252 diviserit,
866 2195 917 2240 aut
938 2197 1054 2260 propter

275 2254 279 2262 ’
364 2259 520 2321 ‘avaritiam
551 2257 656 2317 Romae
685 2258 715 2315 in
742 2255 849 2397 pnaessu
873 2256 1053 2338 reliquerit?

367 2336 476 2401 'Vestra
497 2338 723 2399 admurmuratio
755 2341 833 2409 acit,
851 2337 1012 2418 Quirites,
1027 2355 1053 2409 ut

371 2419 530 2503 agnoscere
546 2420 725 2492 videamini,
747 2422 797 2500 qui
819 2418 881 2478 hae'c
909 2418 1053 2492 fecerint:

291 2523 292 2526 ¹
371 2520 430 2584 ego
451 2517 549 2562 autem
566 2502 715 2561 neminem
727 2500 972 2581 nomino:quare
981 2498 1055 2577 irasci

371 2583 442 2643 rnihi
462 2600 551 2641 nemo
571 2583 702 2663 poterit,
721 2580 777 2640 nisi
801 2582 850 2661 qui
875 2581 945 2653 ante
967 2583 1006 2660 de
1028 2580 1053 2653 se

369 2662 497 2724 voluerit
527 2661 670 2723 confiteri.
696 2656 799 2742 ltaque
829 2679 957 2743 propter
985 2665 1054 2735 hanc

367 2745 517 2803 avaritiam
529 2745 759 2825 imperatorum,¹
772 2750 894 2823 quanam
908 2743 1055 2815 calamita·

368 2835 434 2896 tes,
473 2843 638 2905 uocumque
650 2824 773 2895 ventum
788 2825 845 2899 ait,
860 2820 953 2895 politi
973 2844 1055 2897 erer-

370 2902 445 2961 citus
452 2844 572 2977 (ierant,
588 2905 653 2985 quio
663 2900 801 2985 ignorat?

411 2979 460 3121 ἳῖ.
482 2979 615 3057 Itinera,
635 3003 701 3067 quae
725 3003 779 3065 per
796 2980 883 3057 hosce
909 3005 1006 3057 annos
1027 2986 1057 3059 ip

363 3057 412 3122 ita
424 3065 450 3122 ia
467 3082 520 3145 pet
537 3084 622 3155 agros
638 3076 726 3146 atque
740 3062 850 3157 oppida
867 3064 979 3137 civium
992 3066 1057 3129 Ro·

368 3161 522 3219 manorum
538 3144 828 3231 uossnmpernores
842 3142 1000 3226 fecerunt,
1010 3168 1059 3218 ree
