<?xml version="1.0" encoding="UTF-8"?>
<!DOCTYPE html PUBLIC "-//W3C//DTD XHTML 1.0 Transitional//EN"
    "http://www.w3.org/TR/xhtml1/DTD/xhtml1-transitional.dtd">
<html xmlns="http://www.w3.org/1999/xhtml" xml:lang="en" lang="en">
 <head>
  <title>
</title>
<meta http-equiv="Content-Type" content="text/html;charset=utf-8" />
  <meta name='ocr-system' content='tesseract 3.04.00' />
  <meta name='ocr-capabilities' content='ocr_page ocr_carea ocr_par ocr_line ocrx_word'/>
</head>
<body>
  <div class='ocr_page' id='page_1' title='image "./mtulliiciceroni05lallgoog_0156.png"; bbox 0 0 2550 4175; ppageno 0'>
   <div class='ocr_carea' id='block_1_1' title="bbox 371 381 869 471">
    <p class='ocr_par' dir='ltr' id='par_1_1' title="bbox 371 381 869 471">
     <span class='ocr_line' id='line_1_1' title="bbox 371 381 869 471; baseline -0.008 -20"><span class='ocrx_word' id='word_1_1' title='bbox 371 386 438 471; x_wconf 81' lang='lat'>148</span> <span class='ocrx_word' id='word_1_2' title='bbox 532 381 593 446; x_wconf 76' lang='lat' dir='ltr'>In</span> <span class='ocrx_word' id='word_1_3' title='bbox 633 382 869 447; x_wconf 70' lang='lat' dir='ltr'><em>VERREM</em></span> 
     </span>
    </p>
   </div>
   <div class='ocr_carea' id='block_1_2' title="bbox 363 488 1088 2968">
    <p class='ocr_par' dir='ltr' id='par_1_2' title="bbox 363 488 1055 813">
     <span class='ocr_line' id='line_1_2' title="bbox 364 488 1053 575; baseline -0.001 -20"><span class='ocrx_word' id='word_1_4' title='bbox 364 492 573 575; x_wconf 87' lang='lat' dir='ltr'>impudentiam</span> <span class='ocrx_word' id='word_1_5' title='bbox 590 493 656 553; x_wconf 85' lang='lat' dir='ltr'>addi</span> <span class='ocrx_word' id='word_1_6' title='bbox 698 493 791 567; x_wconf 88' lang='lat' dir='ltr'>otest,</span> <span class='ocrx_word' id='word_1_7' title='bbox 807 494 830 551; x_wconf 89' lang='lat' dir='ltr'>si</span> <span class='ocrx_word' id='word_1_8' title='bbox 851 492 886 551; x_wconf 86' lang='lat'>&amp;</span> <span class='ocrx_word' id='word_1_9' title='bbox 900 488 1053 554; x_wconf 80' lang='lat' dir='ltr'>aestimavit</span> 
     </span>
     <span class='ocr_line' id='line_1_3' title="bbox 363 516 1053 651; baseline 0 -18"><span class='ocrx_word' id='word_1_10' title='bbox 363 575 459 647; x_wconf 83' lang='lat' dir='ltr'>tanti,</span> <span class='ocrx_word' id='word_1_11' title='bbox 475 588 506 631; x_wconf 87' lang='lat' dir='ltr'>ut</span> <span class='ocrx_word' id='word_1_12' title='bbox 521 574 656 634; x_wconf 89' lang='lat' dir='ltr'>homines</span> <span class='ocrx_word' id='word_1_13' title='bbox 671 516 747 635; x_wconf 60' lang='lat' dir='ltr'>idne</span> <span class='ocrx_word' id='word_1_14' title='bbox 763 594 824 633; x_wconf 91' lang='lat' dir='ltr'>non</span> <span class='ocrx_word' id='word_1_15' title='bbox 838 569 964 651; x_wconf 70' lang='lat' dir='ltr'>possent</span> <span class='ocrx_word' id='word_1_16' title='bbox 981 616 994 646; x_wconf 85' lang='lat'>‚</span> <span class='ocrx_word' id='word_1_17' title='bbox 1022 574 1053 633; x_wconf 72' lang='lat' dir='ltr'>u</span> 
     </span>
     <span class='ocr_line' id='line_1_4' title="bbox 365 649 1055 736; baseline 0 -23"><span class='ocrx_word' id='word_1_18' title='bbox 365 653 447 713; x_wconf 79' lang='lat' dir='ltr'>tantb</span> <span class='ocrx_word' id='word_1_19' title='bbox 459 652 523 732; x_wconf 87' lang='lat' dir='ltr'>plus</span> <span class='ocrx_word' id='word_1_20' title='bbox 535 697 546 724; x_wconf 89' lang='lat'><strong>‚</strong></span> <span class='ocrx_word' id='word_1_21' title='bbox 560 652 648 733; x_wconf 67' lang='lat' dir='ltr'>quim</span> <span class='ocrx_word' id='word_1_22' title='bbox 666 670 726 713; x_wconf 88' lang='lat' dir='ltr'>erat</span> <span class='ocrx_word' id='word_1_23' title='bbox 742 656 773 715; x_wconf 82' lang='lat' dir='ltr'>ei</span> <span class='ocrx_word' id='word_1_24' title='bbox 792 649 968 713; x_wconf 81' lang='lat' dir='ltr'>concess&#39;um</span> <span class='ocrx_word' id='word_1_25' title='bbox 983 652 1055 736; x_wconf 83' lang='lat' dir='ltr'>legi·</span> 
     </span>
     <span class='ocr_line' id='line_1_5' title="bbox 364 734 631 813; baseline -0.015 -18"><span class='ocrx_word' id='word_1_26' title='bbox 364 735 418 795; x_wconf 88' lang='lat' dir='ltr'>bus</span> <span class='ocrx_word' id='word_1_27' title='bbox 433 767 443 806; x_wconf 90' lang='lat'>·,</span> <span class='ocrx_word' id='word_1_28' title='bbox 455 734 631 813; x_wconf 81' lang='lat' dir='ltr'>imperavit?</span> 
     </span>
    </p>

    <p class='ocr_par' dir='ltr' id='par_1_3' title="bbox 364 809 1077 2236">
     <span class='ocr_line' id='line_1_6' title="bbox 409 809 1056 895; baseline 0.002 -24"><span class='ocrx_word' id='word_1_29' title='bbox 409 811 476 873; x_wconf 89' lang='lat'>226.</span> <span class='ocrx_word' id='word_1_30' title='bbox 497 812 707 894; x_wconf 81' lang='lat' dir='ltr'>Quapropter,</span> <span class='ocrx_word' id='word_1_31' title='bbox 724 810 842 895; x_wconf 66' lang='lat' dir='ltr'>cogniti</span> <span class='ocrx_word' id='word_1_32' title='bbox 861 813 929 874; x_wconf 76' lang='lat' dir='ltr'>tota</span> <span class='ocrx_word' id='word_1_33' title='bbox 948 832 982 874; x_wconf 87' lang='lat' dir='ltr'>re</span> <span class='ocrx_word' id='word_1_34' title='bbox 1000 809 1056 872; x_wconf 80' lang='lat' dir='ltr'>fiu-</span> 
     </span>
     <span class='ocr_line' id='line_1_7' title="bbox 364 890 1056 973; baseline -0.006 -18"><span class='ocrx_word' id='word_1_35' title='bbox 364 892 528 963; x_wconf 65' lang='lat' dir='ltr'>mentariu,</span> <span class='ocrx_word' id='word_1_36' title='bbox 548 893 684 965; x_wconf 84' lang='lat' dir='ltr'>Iudices,</span> <span class='ocrx_word' id='word_1_37' title='bbox 702 890 761 971; x_wconf 81' lang='lat' dir='ltr'>jam</span> <span class='ocrx_word' id='word_1_38' title='bbox 783 891 925 951; x_wconf 65' lang='lat' dir='ltr'>facillime</span> <span class='ocrx_word' id='word_1_39' title='bbox 970 891 1056 973; x_wconf 86' lang='lat' dir='ltr'>erspi·</span> 
     </span>
     <span class='ocr_line' id='line_1_8' title="bbox 365 970 1057 1054; baseline -0.001 -21"><span class='ocrx_word' id='word_1_40' title='bbox 365 994 433 1034; x_wconf 86' lang='lat' dir='ltr'>cere</span> <span class='ocrx_word' id='word_1_41' title='bbox 444 970 582 1054; x_wconf 84' lang='lat' dir='ltr'>potestis,</span> <span class='ocrx_word' id='word_1_42' title='bbox 599 972 726 1033; x_wconf 86' lang='lat' dir='ltr'>amissam</span> <span class='ocrx_word' id='word_1_43' title='bbox 739 970 796 1034; x_wconf 84' lang='lat' dir='ltr'>esse</span> <span class='ocrx_word' id='word_1_44' title='bbox 812 971 933 1052; x_wconf 89' lang='lat' dir='ltr'>populo</span> <span class='ocrx_word' id='word_1_45' title='bbox 978 993 1057 1032; x_wconf 86' lang='lat' dir='ltr'>oma-</span> 
     </span>
     <span class='ocr_line' id='line_1_9' title="bbox 364 1052 1057 1146; baseline -0.004 -32"><span class='ocrx_word' id='word_1_46' title='bbox 364 1074 405 1114; x_wconf 91' lang='lat' dir='ltr'>no</span> <span class='ocrx_word' id='word_1_47' title='bbox 418 1052 541 1113; x_wconf 87' lang='lat' dir='ltr'>Siciliam</span> <span class='ocrx_word' id='word_1_48' title='bbox 551 1052 821 1127; x_wconf 67' lang='lat' dir='ltr'>‚fruduosissimam</span> <span class='ocrx_word' id='word_1_49' title='bbox 833 1068 927 1132; x_wconf 87' lang='lat' dir='ltr'>atque</span> <span class='ocrx_word' id='word_1_50' title='bbox 946 1073 1057 1146; x_wconf 72' lang='lat' dir='ltr'>opput-</span> 
     </span>
     <span class='ocr_line' id='line_1_10' title="bbox 364 1133 1056 1214; baseline 0.001 -22"><span class='ocrx_word' id='word_1_51' title='bbox 364 1135 544 1192; x_wconf 83' lang='lat' dir='ltr'>tunissimam</span> <span class='ocrx_word' id='word_1_52' title='bbox 559 1136 739 1214; x_wconf 85' lang='lat' dir='ltr'>provinciam</span> <span class='ocrx_word' id='word_1_53' title='bbox 751 1133 824 1206; x_wconf 83' lang='lat' dir='ltr'>‚nisi</span> <span class='ocrx_word' id='word_1_54' title='bbox 833 1150 902 1191; x_wconf 87' lang='lat' dir='ltr'>eam</span> <span class='ocrx_word' id='word_1_55' title='bbox 915 1133 1056 1193; x_wconf 81' lang='lat' dir='ltr'>vos1ffius</span> 
     </span>
     <span class='ocr_line' id='line_1_11' title="bbox 366 1208 1058 1294; baseline -0.001 -22"><span class='ocrx_word' id='word_1_56' title='bbox 366 1214 554 1273; x_wconf 87' lang='lat' dir='ltr'>damnatione</span> <span class='ocrx_word' id='word_1_57' title='bbox 564 1214 749 1294; x_wconf 86' lang='lat' dir='ltr'>recuperatis.</span> <span class='ocrx_word' id='word_1_58' title='bbox 763 1210 847 1291; x_wconf 87' lang='lat' dir='ltr'>Quid</span> <span class='ocrx_word' id='word_1_59' title='bbox 861 1208 905 1271; x_wconf 89' lang='lat' dir='ltr'>est</span> <span class='ocrx_word' id='word_1_60' title='bbox 919 1215 1000 1271; x_wconf 89' lang='lat' dir='ltr'>enim</span> <span class='ocrx_word' id='word_1_61' title='bbox 1013 1210 1058 1271; x_wconf 58' lang='lat' dir='ltr'>sia</span> 
     </span>
     <span class='ocr_line' id='line_1_12' title="bbox 366 1289 1058 1376; baseline -0.003 -23"><span class='ocrx_word' id='word_1_62' title='bbox 366 1294 453 1366; x_wconf 85' lang='lat' dir='ltr'>cilia‚·</span> <span class='ocrx_word' id='word_1_63' title='bbox 472 1295 495 1352; x_wconf 89' lang='lat' dir='ltr'>si</span> <span class='ocrx_word' id='word_1_64' title='bbox 513 1295 540 1353; x_wconf 95' lang='lat' dir='ltr'>ei</span> <span class='ocrx_word' id='word_1_65' title='bbox 555 1297 615 1376; x_wconf 85' lang='lat' dir='ltr'>agri</span> <span class='ocrx_word' id='word_1_66' title='bbox 629 1293 788 1353; x_wconf 85' lang='lat' dir='ltr'>cultionem</span> <span class='ocrx_word' id='word_1_67' title='bbox 806 1289 977 1366; x_wconf 85' lang='lat' dir='ltr'>sustuleris,</span> <span class='ocrx_word' id='word_1_68' title='bbox 991 1292 1058 1352; x_wconf 84' lang='lat' dir='ltr'>&amp;si</span> 
     </span>
     <span class='ocr_line' id='line_1_13' title="bbox 367 1369 1057 1435; baseline -0.013 0"><span class='ocrx_word' id='word_1_69' title='bbox 367 1390 514 1435; x_wconf 85' lang='lat' dir='ltr'>aratorum</span> <span class='ocrx_word' id='word_1_70' title='bbox 531 1394 683 1434; x_wconf 89' lang='lat' dir='ltr'>numerum</span> <span class='ocrx_word' id='word_1_71' title='bbox 695 1394 728 1432; x_wconf 89' lang='lat' dir='ltr'>ac</span> <span class='ocrx_word' id='word_1_72' title='bbox 743 1389 854 1430; x_wconf 90' lang='lat' dir='ltr'>nomen</span> <span class='ocrx_word' id='word_1_73' title='bbox 867 1369 1057 1432; x_wconf 67' lang='lat' dir='ltr'>exstinxeris?</span> 
     </span>
     <span class='ocr_line' id='line_1_14' title="bbox 369 1450 1059 1536; baseline -0.003 -23"><span class='ocrx_word' id='word_1_74' title='bbox 369 1454 440 1536; x_wconf 85' lang='lat' dir='ltr'>quid</span> <span class='ocrx_word' id='word_1_75' title='bbox 450 1455 527 1514; x_wconf 90' lang='lat' dir='ltr'>enim</span> <span class='ocrx_word' id='word_1_76' title='bbox 541 1452 636 1534; x_wconf 89' lang='lat' dir='ltr'>potest</span> <span class='ocrx_word' id='word_1_77' title='bbox 651 1450 707 1514; x_wconf 84' lang='lat' dir='ltr'>effe</span> <span class='ocrx_word' id='word_1_78' title='bbox 717 1455 747 1511; x_wconf 92' lang='lat' dir='ltr'>in</span> <span class='ocrx_word' id='word_1_79' title='bbox 757 1451 925 1512; x_wconf 84' lang='lat' dir='ltr'>calamitate</span> <span class='ocrx_word' id='word_1_80' title='bbox 935 1452 1059 1522; x_wconf 84' lang='lat' dir='ltr'><strong>residui,</strong></span> 
     </span>
     <span class='ocr_line' id='line_1_15' title="bbox 369 1528 1061 1615; baseline 0 -23"><span class='ocrx_word' id='word_1_81' title='bbox 369 1532 452 1615; x_wconf 91' lang='lat' dir='ltr'>quod</span> <span class='ocrx_word' id='word_1_82' title='bbox 467 1553 529 1592; x_wconf 87' lang='lat' dir='ltr'>non</span> <span class='ocrx_word' id='word_1_83' title='bbox 547 1535 585 1592; x_wconf 82' lang='lat' dir='ltr'>ad</span> <span class='ocrx_word' id='word_1_84' title='bbox 603 1532 721 1593; x_wconf 89' lang='lat' dir='ltr'>miseros</span> <span class='ocrx_word' id='word_1_85' title='bbox 736 1548 889 1605; x_wconf 86' lang='lat' dir='ltr'>aratores,</span> <span class='ocrx_word' id='word_1_86' title='bbox 907 1528 967 1592; x_wconf 82' lang='lat' dir='ltr'>isto</span> <span class='ocrx_word' id='word_1_87' title='bbox 982 1553 1061 1613; x_wconf 81' lang='lat' dir='ltr'><strong>prae·</strong></span> 
     </span>
     <span class='ocr_line' id='line_1_16' title="bbox 367 1609 1061 1692; baseline 0.001 -19"><span class='ocrx_word' id='word_1_88' title='bbox 367 1630 455 1687; x_wconf 86' lang='lat' dir='ltr'>tote,</span> <span class='ocrx_word' id='word_1_89' title='bbox 473 1631 526 1692; x_wconf 88' lang='lat' dir='ltr'>pet</span> <span class='ocrx_word' id='word_1_90' title='bbox 544 1612 684 1673; x_wconf 86' lang='lat' dir='ltr'>summam</span> <span class='ocrx_word' id='word_1_91' title='bbox 699 1609 830 1688; x_wconf 82' lang='lat' dir='ltr'>injuriam</span> <span class='ocrx_word' id='word_1_92' title='bbox 848 1611 1061 1692; x_wconf 83' lang='lat' dir='ltr'>ignominiam·</span> 
     </span>
     <span class='ocr_line' id='line_1_17' title="bbox 369 1691 1061 1773; baseline 0.003 -21"><span class='ocrx_word' id='word_1_93' title='bbox 369 1711 429 1772; x_wconf 91' lang='lat' dir='ltr'>que</span> <span class='ocrx_word' id='word_1_94' title='bbox 439 1691 633 1772; x_wconf 76' lang='lat' dir='ltr'>pervenerit?</span> <span class='ocrx_word' id='word_1_95' title='bbox 658 1692 783 1773; x_wconf 84' lang='lat' dir='ltr'>quibus,</span> <span class='ocrx_word' id='word_1_96' title='bbox 843 1711 894 1749; x_wconf 89' lang='lat' dir='ltr'>um</span> <span class='ocrx_word' id='word_1_97' title='bbox 921 1691 1061 1753; x_wconf 77' lang='lat' dir='ltr'>decumas</span> 
     </span>
     <span class='ocr_line' id='line_1_18' title="bbox 369 1770 1061 1851; baseline 0.006 -21"><span class='ocrx_word' id='word_1_98' title='bbox 369 1775 441 1831; x_wconf 85' lang='lat' dir='ltr'>dare</span> <span class='ocrx_word' id='word_1_99' title='bbox 461 1770 622 1844; x_wconf 84' lang='lat' dir='ltr'>deberent,</span> <span class='ocrx_word' id='word_1_100' title='bbox 641 1774 691 1832; x_wconf 84' lang='lat' dir='ltr'>vix</span> <span class='ocrx_word' id='word_1_101' title='bbox 714 1773 783 1851; x_wconf 89' lang='lat' dir='ltr'>ipsis</span> <span class='ocrx_word' id='word_1_102' title='bbox 821 1790 936 1832; x_wconf 75' lang='lat' dir='ltr'>ecumae</span> <span class='ocrx_word' id='word_1_103' title='bbox 955 1772 1061 1834; x_wconf 71' lang='lat' dir='ltr'>relide</span> 
     </span>
     <span class='ocr_line' id='line_1_19' title="bbox 369 1850 1062 1932; baseline 0.006 -22"><span class='ocrx_word' id='word_1_104' title='bbox 369 1851 435 1914; x_wconf 87' lang='lat' dir='ltr'>sunt</span> <span class='ocrx_word' id='word_1_105' title='bbox 448 1871 556 1932; x_wconf 88' lang='lat' dir='ltr'>:quum</span> <span class='ocrx_word' id='word_1_106' title='bbox 567 1854 688 1931; x_wconf 89' lang='lat' dir='ltr'>pecunia</span> <span class='ocrx_word' id='word_1_107' title='bbox 702 1851 878 1923; x_wconf 84' lang='lat' dir='ltr'>deberetur,</span> <span class='ocrx_word' id='word_1_108' title='bbox 892 1850 991 1918; x_wconf 80' lang='lat' dir='ltr'>soluta</span> <span class='ocrx_word' id='word_1_109' title='bbox 1001 1875 1062 1914; x_wconf 88' lang='lat' dir='ltr'>non</span> 
     </span>
     <span class='ocr_line' id='line_1_20' title="bbox 369 1929 1063 2013; baseline 0 -19"><span class='ocrx_word' id='word_1_110' title='bbox 369 1929 431 1994; x_wconf 81' lang='lat' dir='ltr'>est:</span> <span class='ocrx_word' id='word_1_111' title='bbox 445 1952 533 2012; x_wconf 92' lang='lat' dir='ltr'>quum</span> <span class='ocrx_word' id='word_1_112' title='bbox 546 1930 853 2013; x_wconf 62' lang='lat' dir='ltr'>optimdaestimatione</span> <span class='ocrx_word' id='word_1_113' title='bbox 866 1930 986 1993; x_wconf 83' lang='lat' dir='ltr'>senatus</span> <span class='ocrx_word' id='word_1_114' title='bbox 1002 1933 1063 1994; x_wconf 86' lang='lat' dir='ltr'>fru-</span> 
     </span>
     <span class='ocr_line' id='line_1_21' title="bbox 371 2009 1062 2089; baseline 0.001 -14"><span class='ocrx_word' id='word_1_115' title='bbox 371 2029 506 2075; x_wconf 87' lang='lat' dir='ltr'>mentum</span> <span class='ocrx_word' id='word_1_116' title='bbox 525 2034 577 2074; x_wconf 86' lang='lat' dir='ltr'>eos</span> <span class='ocrx_word' id='word_1_117' title='bbox 599 2016 629 2072; x_wconf 93' lang='lat' dir='ltr'>in</span> <span class='ocrx_word' id='word_1_118' title='bbox 660 2012 763 2072; x_wconf 86' lang='lat' dir='ltr'>cellam</span> <span class='ocrx_word' id='word_1_119' title='bbox 794 2009 863 2071; x_wconf 89' lang='lat' dir='ltr'>dare</span> <span class='ocrx_word' id='word_1_120' title='bbox 893 2012 1062 2089; x_wconf 69' lang='lat' dir='ltr'>voluiss&#39;et‚</span> 
     </span>
     <span class='ocr_line' id='line_1_22' title="bbox 372 2092 1063 2236; baseline 0.006 -83"><span class='ocrx_word' id='word_1_121' title='bbox 372 2097 462 2236; x_wconf 46' lang='lat' dir='ltr'>{tiam</span> <span class='ocrx_word' id='word_1_122' title='bbox 476 2094 661 2155; x_wconf 88' lang='lat' dir='ltr'>instrumenta</span> <span class='ocrx_word' id='word_1_123' title='bbox 673 2113 806 2175; x_wconf 83' lang='lat' dir='ltr'>agrorum</span> <span class='ocrx_word' id='word_1_124' title='bbox 818 2092 958 2155; x_wconf 84' lang='lat' dir='ltr'>vendere</span> <span class='ocrx_word' id='word_1_125' title='bbox 971 2096 1063 2157; x_wconf 72' lang='lat' dir='ltr'>coadi</span> 
     </span>
     <span class='ocr_line' id='line_1_23' title="bbox 384 2192 1077 2236; baseline -0.003 0"><span class='ocrx_word' id='word_1_126' title='bbox 384 2193 447 2236; x_wconf 89' lang='lat' dir='ltr'>unt.</span> <span class='ocrx_word' id='word_1_127' title='bbox 963 2199 968 2207; x_wconf 95' lang='lat'><em>·</em></span> <span class='ocrx_word' id='word_1_128' title='bbox 1047 2192 1049 2197; x_wconf 86' lang='lat'>·</span> <span class='ocrx_word' id='word_1_129' title='bbox 1074 2227 1077 2234; x_wconf 95' lang='lat'><em>.</em></span> 
     </span>
    </p>

    <p class='ocr_par' dir='ltr' id='par_1_4' title="bbox 373 2250 1088 2968">
     <span class='ocr_line' id='line_1_24' title="bbox 415 2250 1062 2333; baseline 0.008 -21"><span class='ocrx_word' id='word_1_130' title='bbox 415 2251 592 2314; x_wconf 84' lang='lat' dir='ltr'><strong>XCVIII.</strong></span> <span class='ocrx_word' id='word_1_131' title='bbox 618 2251 691 2313; x_wconf 88' lang='lat' dir='ltr'>Dixi</span> <span class='ocrx_word' id='word_1_132' title='bbox 709 2250 768 2333; x_wconf 81' lang='lat' dir='ltr'>jam</span> <span class='ocrx_word' id='word_1_133' title='bbox 788 2268 901 2328; x_wconf 79' lang='lat' dir='ltr'>antea,</span> <span class='ocrx_word' id='word_1_134' title='bbox 923 2255 1062 2331; x_wconf 59' lang='lat' dir='ltr'>ludicen,</span> 
     </span>
     <span class='ocr_line' id='line_1_25' title="bbox 373 2331 1065 2418; baseline 0.007 -26"><span class='ocrx_word' id='word_1_135' title='bbox 373 2352 407 2392; x_wconf 88' lang='lat' dir='ltr'>ut</span> <span class='ocrx_word' id='word_1_136' title='bbox 425 2333 475 2392; x_wconf 88' lang='lat' dir='ltr'>has</span> <span class='ocrx_word' id='word_1_137' title='bbox 495 2352 597 2392; x_wconf 90' lang='lat' dir='ltr'>omnes</span> <span class='ocrx_word' id='word_1_138' title='bbox 613 2331 727 2412; x_wconf 85' lang='lat' dir='ltr'>injurias</span> <span class='ocrx_word' id='word_1_139' title='bbox 744 2332 873 2408; x_wconf 89' lang='lat' dir='ltr'>tollatis,</span> <span class='ocrx_word' id='word_1_140' title='bbox 891 2352 999 2397; x_wconf 84' lang='lat' dir='ltr'>tamen</span> <span class='ocrx_word' id='word_1_141' title='bbox 1015 2339 1065 2418; x_wconf 81' lang='lat' dir='ltr'>ip-</span> 
     </span>
     <span class='ocr_line' id='line_1_26' title="bbox 373 2413 1088 2498; baseline 0.007 -25"><span class='ocrx_word' id='word_1_142' title='bbox 373 2413 434 2473; x_wconf 85' lang='lat' dir='ltr'>sam</span> <span class='ocrx_word' id='word_1_143' title='bbox 449 2413 592 2473; x_wconf 85' lang='lat' dir='ltr'>rationem</span> <span class='ocrx_word' id='word_1_144' title='bbox 610 2413 709 2472; x_wconf 84' lang='lat' dir='ltr'>arandi</span> <span class='ocrx_word' id='word_1_145' title='bbox 717 2413 766 2494; x_wconf 92' lang='lat' dir='ltr'>spe</span> <span class='ocrx_word' id='word_1_146' title='bbox 778 2415 890 2495; x_wconf 84' lang='lat' dir='ltr'>magis,</span> <span class='ocrx_word' id='word_1_147' title='bbox 913 2417 949 2476; x_wconf 78' lang='grc' dir='ltr'>δι</span> <span class='ocrx_word' id='word_1_148' title='bbox 964 2415 1067 2498; x_wconf 86' lang='lat' dir='ltr'>jucun·</span> <span class='ocrx_word' id='word_1_149' title='bbox 1085 2449 1088 2455; x_wconf 91' lang='lat'>·</span> 
     </span>
     <span class='ocr_line' id='line_1_27' title="bbox 373 2492 1066 2578; baseline 0.013 -28"><span class='ocrx_word' id='word_1_150' title='bbox 373 2493 465 2552; x_wconf 88' lang='lat' dir='ltr'>ditate</span> <span class='ocrx_word' id='word_1_151' title='bbox 475 2492 618 2573; x_wconf 86' lang='lat' dir='ltr'>quadam,</span> <span class='ocrx_word' id='word_1_152' title='bbox 635 2494 721 2574; x_wconf 74' lang='lat' dir='ltr'>quam</span> <span class='ocrx_word' id='word_1_153' title='bbox 738 2493 852 2566; x_wconf 73' lang='lat' dir='ltr'>frudu,</span> <span class='ocrx_word' id='word_1_154' title='bbox 868 2506 963 2578; x_wconf 80' lang='lat' dir='ltr'>atque</span> <span class='ocrx_word' id='word_1_155' title='bbox 980 2518 1066 2559; x_wconf 88' lang='lat' dir='ltr'>emo·</span> 
     </span>
     <span class='ocr_line' id='line_1_28' title="bbox 374 2573 1066 2640; baseline 0.012 -8"><span class='ocrx_word' id='word_1_156' title='bbox 374 2573 507 2633; x_wconf 85' lang='lat' dir='ltr'>lumento</span> <span class='ocrx_word' id='word_1_157' title='bbox 531 2576 623 2634; x_wconf 89' lang='lat' dir='ltr'>teneri</span> <span class='ocrx_word' id='word_1_158' title='bbox 638 2594 647 2633; x_wconf 73' lang='grc' dir='ltr'><strong>ι</strong></span> <span class='ocrx_word' id='word_1_159' title='bbox 663 2576 772 2634; x_wconf 89' lang='lat' dir='ltr'>etenim</span> <span class='ocrx_word' id='word_1_160' title='bbox 791 2573 828 2633; x_wconf 90' lang='lat' dir='ltr'>ad</span> <span class='ocrx_word' id='word_1_161' title='bbox 844 2576 997 2638; x_wconf 88' lang='lat' dir='ltr'>incertum</span> <span class='ocrx_word' id='word_1_162' title='bbox 1015 2600 1066 2640; x_wconf 87' lang='lat' dir='ltr'>ca·</span> 
     </span>
     <span class='ocr_line' id='line_1_29' title="bbox 374 2651 1066 2736; baseline 0.014 -25"><span class='ocrx_word' id='word_1_163' title='bbox 374 2651 437 2712; x_wconf 89' lang='lat' dir='ltr'>sum</span> <span class='ocrx_word' id='word_1_164' title='bbox 447 2697 457 2726; x_wconf 90' lang='lat'>‚</span> <span class='ocrx_word' id='word_1_165' title='bbox 468 2653 499 2712; x_wconf 88' lang='lat'>&amp;</span> <span class='ocrx_word' id='word_1_166' title='bbox 512 2670 671 2725; x_wconf 83' lang='lat' dir='ltr'>eventum,</span> <span class='ocrx_word' id='word_1_167' title='bbox 685 2671 778 2715; x_wconf 89' lang='lat' dir='ltr'>certus</span> <span class='ocrx_word' id='word_1_168' title='bbox 791 2660 951 2736; x_wconf 84' lang='lat' dir='ltr'>quotannis</span> <span class='ocrx_word' id='word_1_169' title='bbox 960 2658 1066 2734; x_wconf 86' lang='lat' dir='ltr'>labor,</span> 
     </span>
     <span class='ocr_line' id='line_1_30' title="bbox 377 2733 1065 2815; baseline 0.01 -23"><span class='ocrx_word' id='word_1_170' title='bbox 377 2733 410 2792; x_wconf 72' lang='grc' dir='ltr'>ὃ(</span> <span class='ocrx_word' id='word_1_171' title='bbox 436 2749 528 2792; x_wconf 89' lang='lat' dir='ltr'>certus</span> <span class='ocrx_word' id='word_1_172' title='bbox 552 2733 679 2815; x_wconf 85' lang='lat' dir='ltr'>sumptus</span> <span class='ocrx_word' id='word_1_173' title='bbox 705 2735 911 2815; x_wconf 85' lang='lat' dir='ltr'>impenditur:</span> <span class='ocrx_word' id='word_1_174' title='bbox 944 2760 1065 2801; x_wconf 84' lang='lat' dir='ltr'>annona</span> 
     </span>
     <span class='ocr_line' id='line_1_31' title="bbox 376 2813 1067 2894; baseline 0.016 -23"><span class='ocrx_word' id='word_1_175' title='bbox 376 2813 486 2894; x_wconf 75' lang='lat' dir='ltr'>porri),</span> <span class='ocrx_word' id='word_1_176' title='bbox 512 2818 636 2894; x_wconf 88' lang='lat' dir='ltr'>pretium</span> <span class='ocrx_word' id='word_1_177' title='bbox 651 2860 662 2889; x_wconf 90' lang='lat'>‚</span> <span class='ocrx_word' id='word_1_178' title='bbox 678 2818 731 2875; x_wconf 86' lang='lat' dir='ltr'>nisi</span> <span class='ocrx_word' id='word_1_179' title='bbox 746 2819 776 2875; x_wconf 90' lang='lat' dir='ltr'>in</span> <span class='ocrx_word' id='word_1_180' title='bbox 800 2815 971 2880; x_wconf 87' lang='lat' dir='ltr'>calamitate</span> <span class='ocrx_word' id='word_1_181' title='bbox 989 2819 1067 2885; x_wconf 74' lang='lat' dir='ltr'>frut-</span> 
     </span>
     <span class='ocr_line' id='line_1_32' title="bbox 375 2896 1068 2968; baseline 0.017 -15"><span class='ocrx_word' id='word_1_182' title='bbox 375 2910 482 2968; x_wconf 90' lang='lat' dir='ltr'>tuum,</span> <span class='ocrx_word' id='word_1_183' title='bbox 507 2896 699 2958; x_wconf 86' lang='lat' dir='ltr'>nonhabet:</span> <span class='ocrx_word' id='word_1_184' title='bbox 720 2898 743 2956; x_wconf 86' lang='lat' dir='ltr'>si</span> <span class='ocrx_word' id='word_1_185' title='bbox 765 2911 864 2960; x_wconf 88' lang='lat' dir='ltr'>autem</span> <span class='ocrx_word' id='word_1_186' title='bbox 888 2898 1015 2964; x_wconf 80' lang='lat' dir='ltr'>ubertas</span> <span class='ocrx_word' id='word_1_187' title='bbox 1039 2904 1068 2965; x_wconf 85' lang='lat' dir='ltr'>iu</span> 
     </span>
    </p>
   </div>
   <div class='ocr_carea' id='block_1_3' title="bbox 0 0 1304 4175">
    <p class='ocr_par' dir='ltr' id='par_1_5' title="bbox 0 0 1304 4175">
     <span class='ocr_line' id='line_1_33' title="bbox 0 0 1304 4175; baseline 0 0"><span class='ocrx_word' id='word_1_188' title='bbox 0 0 1304 4175; x_wconf 95' lang='lat' dir='ltr'> </span> 
     </span>
    </p>
   </div>
  </div>
 </body>
</html>
