2550 4175
337 415 592 488 Aci-lours
616 409 662 485 ΙΙ.
688 405 822 485 ΗΠ.
865 427 920 508 φτ

235 526 354 589 ‘causam'
372 529 485 610 fugitivi
496 525 629 588 sustinent
649 547 657 588 ε
676 549 707 589 re
720 529 838 609 quidem
850 529 921 591 veri

239 627 331 670 nemo
348 610 378 668 in
394 609 487 670 Sicilia
505 607 613 666 dubitat
623 652 636 679 ,
651 611 721 688 quin
735 611 772 668 eo
790 612 827 669 sit
843 612 922 674 occi·

239 685 307 759 sus,
324 689 405 769 quiid
420 688 528 749 habere
547 686 638 747 clausa
654 708 715 748 non
732 692 860 769 potuerit
871 688 919 750 sua

240 769 359 829 consilia
376 769 413 830 de
429 768 534 830 Verre.
548 765 604 826 Iste
621 787 711 849 porro
728 788 789 829 non
807 769 921 830 dubita·

237 846 317 918 bat',
334 850 402 929 ¹quin
422 851 465 920 is,
480 851 528 929 qui
545 864 629 908 antea
650 848 735 909 alium
754 846 846 910 studio
865 849 922 910 ad-

238 927 340 987 dusius
361 927 536 1002 accusasset,
559 928 613 987 sibi
633 928 800 990 advenienti
817 928 920 1018 praestb

237 1005 309 1066 esset
326 1006 456 1080 futurus,
508 1029 557 1068 um
570 1006 639 1069 esiet
651 1011 776 1090 parentis
790 1010 920 1089 injuriis,

239 1086 272 1145 ὅ(
295 1086 453 1156 domestico
466 1030 570 1149 silone
585 1104 763 1150 commoras-

278 1165 412 1229 XXVI.
422 1168 919 1251 iamneinteiligitis,iudices,quoe

237 1244 345 1325 pestis,
399 1272 424 1309 ae
434 1247 595 1309 immanitas
610 1250 640 1307 in
649 1248 744 1310 vestra
756 1251 920 1329 antiquissi-

238 1345 315 1397 ma,
336 1325 356 1386 fi
378 1330 527 1403 dissime,
547 1330 737 1410 proximaque
768 1331 921 1467 qrovincie

238 1403 351 1465 versata
366 1410 400 1466 sit
413 1407 500 1469 ?J'am
516 1408 621 1468 videtis
633 1452 642 1481 ‚
652 1429 769 1489 quamo
808 1406 920 1468 causam

237 1482 332 1543 Sicilia
346 1503 392 1546 tot
412 1486 564 1547 hominum
577 1504 663 1547 antea
677 1489 771 1560 furta,
786 1491 920 1567 rapinem,

235 1566 423 1645 iniquitates,
445 1565 670 1648 ignominiasque
688 1587 739 1647 per
762 1565 840 1638 essa,
857 1581 919 1629 non

235 1648 365 1723 potuerit
382 1648 438 1706 hoc
456 1667 587 1720 novum,
604 1668 636 1706 ac
655 1589 797 1729 singuiire
809 1692 819 1720 ,
831 1665 919 1729 atque

235 1726 402 1788 incredibile
415 1747 505 1807 genus
522 1725 711 1806 injuriarum,
729 1729 922 1789 contumelia-

234 1807 500 1900 rumque'perserre
514 1808 525 1871 s
536 1807 600 1872 Jam
617 1819 721 1868 'omnes
733 1808 918 1890 intelligunt,

236 1887 444 1953 cutr‘universa,
469 1890 619 1967 provincie
652 1886 834 1948 defensorem
861 1887 918 1949 sure
1001 1947 1003 1949 .

234 1962 329 2027 salutis
361 1986 429 2026 eum
455 1969 612 2046 quesivit,
639 1963 719 2044 cujus
747 1966 799 2028 iste
825 1965 919 2041 fidei,

235 2044 416 2125 diligentie,
443 2045 681 2125 perstrennuus,
705 2044 783 2105 nulli
806 2046 921 2111 ratione

235 2127 309 2205 eripi
326 2128 427 2205 possit.
448 2125 511 2185 Tot
529 2123 643 2202 judiciis
662 2123 824 2186 interfuistis
845 2146 853 2185 t
872 2140 919 2188 tot

234 2204 371 2266 homines
395 2224 536 2267 nocentes
568 2206 600 2266 &
626 2206 777 2286 improbos
804 2205 919 2267 accusa·

234 2300 304 2357 ros,
324 2287 357 2347 &
377 2284 493 2360 vestri,
516 2286 547 2346 &
572 2284 750 2366 superiorum
775 2290 917 2349 memorii

234 2365 309 2425 scitis
335 2364 414 2427 effe:
435 2386 557 2447 ecquem
574 2363 702 2440 vidistis,
722 2386 844 2447 ecquem
863 2388 917 2426 au-

234 2443 335 2519 distis,
356 2449 386 2507 in
407 2448 493 2506 tantis
521 2446 624 2519 furtis,
651 2447 762 2507 intam
788 2449 916 2526 apertis,

233 2526 263 2585 in
284 2540 363 2586 tanta
390 2528 529 2601 audacia,
556 2542 636 2587 tanta
656 2527 833 2607 impudentia
859 2525 916 2588 esse

233 2605 398 2667 versatum?

275 2685 324 2765 65.
337 2685 486 2768 Apronius
499 2685 649 2769 stipatores
662 2686 807 2748 Venerios
818 2686 914 2748 secum

236 2764 362 2827 habebat
381 2788 388 2824 τ
409 2766 532 2827 ducebat
555 2787 607 2828 eos
628 2771 735 2828 circum
759 2771 913 2828 civitates:

235 2843 351 2923 publice
370 2845 422 2905 sibi
439 2849 574 2907 convivia
594 2851 708 2936 parari,
724 2846 808 2907 sterni
823 2850 915 2906 tricli-

235 2923 306 3000 nia,
326 2924 357 2987 &
370 2926 400 2987 in
413 2925 479 2989 foro
497 2925 582 2990 sterni
598 2928 717 3008 lubebat
738 2950 745 2991 t
765 2930 801 2990 eb
814 2930 915 2991 vocari
