2550 4175
245 362 324 441 324
406 347 469 413 ΙΝ
506 349 758 430 Viennam
792 387 805 428 ·.

242 463 314 536 tium
326 459 367 534 :ad
377 459 405 520 se
422 461 538 521 arcessit
549 503 560 534 ‚
571 458 750 539 quaeslorem.
759 459 840 532 suum
852 484 862 533 ‚·
877 483 934 522 cu-

241 537 289 618 jus
306 539 428 602 consilio
440 557 592 608 uteretur:
610 560 706 621 neque
720 541 753 602 P.
768 540 931 620 cervium,

245 619 333 696 talem
348 613 444 695 virum
454 667 465 695 ,
477 621 625 702 legatum,
635 623 685 701 qui
695 665 705 697 ,
714 623 779 703 quia
795 620 930 704 legatus,¹

245 697 301 774 isto
314 718 438 781 praetore
451 704 500 775 ‚in
516 698 611 782 Sicilia
621 699 675 768 suit
688 704 817 783 ,primus
827 703 865 763 ab
876 700 931 764 isto

245 777 337 861 judex
356 779 479 861 rejedlus
492 779 551 841 est:
569 779 619 842 sed
637 781 674 841 de
691 783 858 857 latronum,
872 783 931 844 hoc

244 858 304 934 est,
316 861 353 921 de
366 865 506 923 comitum
515 860 630 922 suorum
639 860 778 923 sententia
788 863 931 924 condem·

238 957 291 1002 nat
305 962 418 1002 omnes.
613 1005 616 1010 ,

263 1041 358 1103 21¹5·
378 1022 435 1096 Hic
450 1020 544 1094 cundi
561 1019 671 1095 Siculi,
687 1020 869 1094 fidelissimi,
885 1039 930 1096 at·¹

245 1121 305 1182 que
322 1104 509 1183 antiquissimi
518 1099 596 1176 ,sqeii
609 1145 619 1175 ‚
631 1101 761 1181 plurimis
776 1100 932 1178 affeuibo

242 1180 354 1258 nesciis
368 1179 553 1262 amajoribus
571 1179 673 1254 nostris
683 1228 696 1254 ,
712 1185 839 1265 graviter¹
846 1205 931 1244 com·

243 1280 427 1337 moventur,
446 1264 480 1325 ὃ(
496 1263 533 1323 de
548 1260 605 1338 ¹suis
624 1264 758 1341 periculip
772 1308 782 1336 ‚
797 1262 930 1338 fortuniss

244 1363 302 1424 que
321 1344 456 1404 omnibus
473 1340 688 1425 pertimescunt.
698 1342 784 1404 Illam
800 1344 929 1405 clemen-

244 1423 339 1499 tiam,
354 1423 661 1505 mansuetudinemque
672 1422 759 1484 nostri
771 1425 885 1504 imperii
898 1428 929 1487 ita

244 1518 357 1586 tantam
373 1504 576 1565 crudelitatem
592 1549 603 1578 ‚
630 1504 928 1586 inhumanitatemque

244 1581 302 1645 effe
321 1584 509 1645 conversam!
528 1583 719 1644 condemnari
732 1601 777 1643 tot
793 1584 927 1660 homines

242 1680 384 1740 pontem
404 1685 456 1736 ore
472 1664 551 1724 nullo
567 1665 686 1738 crimine
700 1665 709 1723 l
725 1663 928 1739 defensionem

242 1742 371 1820 suorum-
409 1762 691 1824 ntorum-praetorem
706 1745 872 1825 improbum
891 1766 927 1807 ex

242 1823 439 1905 indignissima
452 1840 549 1900 morte
565 1826 763 1892 innocentium
774 1847 902 1906 quaerere
917 1827 926 1887 l

242 1903 329 1968 Nihil
336 1906 405 1965 addi
413 1903 473 1986 jam
488 1905 625 1980 videtur,
643 1904 782 1980 ludices,
801 1907 838 1966 ad
853 1908 927 1968 hanc

240 1986 929 2069 improbitatem,amentiam,crudelitatemque

242 2064 344 2150 polle:
360 2068 391 2129 &
408 2067 484 2130 resse
502 2068 573 2129 nihil
590 2067 704 2129 videtur
718 2089 725 2126 t
739 2090 806 2128 nam
821 2070 844 2127 si
861 2091 927 2128 cum

242 2150 366 2210 aliorum
382 2147 567 2231 improbitate
578 2166 670 2209 certet
682 2194 692 2224 ‚
704 2148 791 2230 longd
803 2171 926 2224 omnes,

241 2228 365 2289 multrim
387 2249 424 2289 ue
439 2229 594 2309 superabit.

288 2309 354 2369 116.
367 2251 434 2368 led
451 2307 547 2369 secum
573 2308 632 2388 ipse
656 2324 746 2368 certat
768 2328 777 2366 r
795 2308 826 2366 id
843 2312 928 2387 agit,

243 2405 275 2453 ut
286 2388 400 2469 semper
411 2386 541 2468 superius,
550 2387 630 2447 suum
648 2387 755 2447 facinus
768 2407 849 2445 novo
861 2386 926 2446 sce-

241 2468 302 2532 lere
320 2471 430 2533 vincat.
449 2467 548 2542 Phalar
570 2489 618 2527 um
637 2465 858 2545 Centuripinum
878 2469 926 2527 di·

195 2545 198 2549 ’
240 2560 339 2611 ueram
359 2565 516 2628 exceptum,
570 2567 587 2607 e
604 2569 621 2606 a
637 2542 826 2619 Cleomene,
843 2549 925 2627 quod

238 2631 269 2688 in
280 2627 343 2707 ejus
352 2627 523 2710 quadriremi
532 2625 712 2687 Cleomenes
721 2625 820 2686 vellus
834 2627 903 2688 ellet
915 2651 923 2689 ε

236 2728 338 2769 tamen
348 2754 357 2782 ‚
367 2711 434 2791 quia
444 2709 630 2789 pertimuerat
640 2706 827 2782 adolescens,
843 2711 926 2789 quod

210 2790 219 2803 ⁸
239 2789 374 2852 eamdem
391 2790 468 2850 suam
480 2790 591 2849 eausam
609 2786 727 2848 videbat
742 2787 818 2862 effe,
835 2812 924 2869 quam

239 2870 375 2948 illorum,
392 2873 441 2957 qui
454 2873 625 2947 innocentes
640 2869 796 2953 peribant3
814 2872 851 2932 ad
866 2872 923 2935 ho·
