2550 4175
279 334 355 424 ⁴¹488
505 330 771 399 ORATJO'

269 446 377 526 -AEgeo
398 447 469 506 mari
490 449 608 528 posita,
628 448 686 526 qub
706 463 809 507 omnes
835 445 965 529 undique

217 549 220 556 ⁴
278 546 343 584 cum
355 526 495 586 mercibus
506 528 735 608 atqueoneribus
745 529 965 600 commeabant,

278 604 385 666 referta
404 608 532 682 divitiis,
558 609 650 688 parua
670 634 680 681 ,-
704 608 766 667 sine
787 628 872 667 muto
895 608 966 667 nihil

278 686 401 746 timebat
415 708 425 761 3
442 688 531 748 iidem
546 709 606 747 non
622 688 714 747 m'odb
726 690 904 767 provinciis,
922 706 966 748 at·

278 785 338 846 que
359 770 416 827 oris
442 767 532 828 ltaliae
561 769 730 841 maritimis,
757 790 791 827 ac
823 769 966 848 portubus

279 845 403 921 nostris,
420 848 469 909 sed
491 851 577 909 etiam
606 848 705 930 Appia
730 845 790 927 jam
811 850 862 907 vii
883 870 967 910 care·

279 927 382 988 bamus
404 930 464 1005 2&
484 930 527 988 his
553 929 735 1009 temporibus
758 950 820 987 non
836 930 966 1009 pudebat

280 1007 460 1090 magistratus
479 1010 581 1090 populi
601 1010 750 1081 Romani,
769 1012 799 1067 in
825 1009 903 1071 hunc
922 1013 966 1089 ip-

280 1088 341 1149 sum
360 1089 457 1148 locum
479 1088 656 1162 escendere,
678 1110 766 1170 quum
791 1109 858 1149 eum
880 1092 965 1152 vobis

256 1197 261 1202 ’
280 1166 408 1247 majores
424 1168 516 1230 ‚vestri
534 1169 655 1230 exsuviis
676 1172 818 1240 nauticis,
840 1170 965 1231 &clas-

279 1252 353 1310 sium
375 1248 390 1308 s
407 1250 470 1309 oliis
486 1269 620 1311 ornatum
639 1248 824 1331 reliquissent.

266 1387 286 1399 ,,
321 1273 414 1391 de.
433 1330 519 1391 Bono
539 1349 569 1392 te
587 1334 685 1392 animo
706 1348 791 1403 tum,
814 1329 858 1409 Q.
882 1331 964 1391 Hor·

281 1413 380 1483 tensi,
398 1413 522 1493 populus
535 1412 709 1482 Romanus,
723 1412 754 1471 δ(
768 1428 906 1485 ceteros,
939 1414 965 1471 ui

280 1510 364 1553 erant
384 1496 412 1551 in
440 1492 543 1553 eadem
570 1492 731 1566 sententia,
752 1491 848 1551 dicere
870 1434 965 1559 exiii·

281 1575 375 1633 mavit
393 1592 447 1646 ea,
465 1594 528 1654 quae
545 1570 732 1633 sentiebatis:
750 1570 799 1631 sed
820 1588 920 1633 tamen
939 1576 966 1632 in

269 1651 372 1728 „salute
397 1655 545 1713 communi
565 1654 644 1714 idem
669 1652 793 1733 populus
816 1652 966 1713 Romanus

281 1732 380 1792 dolori
399 1731 449 1792 suo
472 1732 594 1807 maluit,
611 1732 700 1814 quim
719 1732 882 1793 audoritati
905 1732 967 1794 ves·

281 1828 335 1893 trae
357 1812 572 1892 obtemperare.
598 1811 701 1895 Itaque
724 1835 782 1873 una
800 1814 873 1884 lex,
897 1835 967 1874 unus

282 1894 350 1967 vir,
367 1915 438 1953 unus
456 1915 570 1967 annus,
590 1916 650 1955 non
665 1893 757 1954 modi>
770 1914 825 1953 nos
843 1894 897 1955 illa·
910 1898 967 1955 mi·

282 1973 355 2035 serii
374 1996 406 2034 ac
428 1974 603 2055 turpitudine
624 1976 783 2047 liberavit3
808 1971 860 2033 sed
882 1978 968 2035 etiam

282 2052 400 2131 effecit,
417 2071 449 2117 ut
467 2055 621 2139 aliquando
638 2056 709 2117 verb
723 2054 891 2118 videremur
903 2076 968 2116 om·

282 2137 367 2198 nibus
386 2137 518 2220 gentibus
533 2159 567 2198 ac
586 2137 750 2200 nationibus
769 2136 846 2198 terra
856 2182 869 2211 ,
880 2139 966 2198 mati·

282 2238 340 2301 que
357 2219 512 2299 imperare.

327 2316 373 2380 57.
397 2298 470 2379 Qub
490 2297 560 2358 mihi
578 2300 666 2358 etiam
687 2297 829 2437 indignius
851 2296 968 2358 videtur

269 2378 477 2440 'obtrcdbatum
492 2377 549 2440 effe
570 2378 683 2452 adhuc,
699 2376 746 2437 Ga
768 2380 828 2437 inio
848 2377 968 2448 dicam,

284 2478 360 2518 anne
377 2458 542 2539 Pompeio,
561 2480 597 2518 an
614 2461 669 2518 utri
691 2457 750 2518 ue?
766 2465 780 2532 ζ
789 2457 818 2517 id
830 2457 912 2537 quod
928 2456 970 2516 est

284 2539 406 2609 verius)
431 2558 469 2599 ne
498 2539 644 2618 legaretur
671 2480 713 2598 d
740 2536 883 2598 Gabinius
911 2536 969 2598 cn.

284 2615 430 2697 Pompeio
448 2620 615 2758 exffitenti,
628 2639 663 2677 ac
678 2615 843 2698 postulanti.
859 2615 971 2700 Utrum

284 2697 355 2773 ille,
372 2699 419 2780 qui
437 2720 477 2779 po
522 2697 561 2756 iat
578 2699 707 2780 legatum
723 2699 762 2758 ad
777 2714 891 2758 tantum
907 2698 973 2760 bei·

284 2777 368 2850 lum‚
388 2799 475 2861 quem
495 2779 590 2855 velit,
608 2779 732 2840 idoneus
749 2800 813 2841 nou
831 2775 901 2851 est,
942 2783 974 2842 ui

284 2861 442 2944 impetret,
459 2881 548 2945 quum
564 2863 654 2925 ceteri
671 2859 710 2924 ad
722 2857 906 2943 'expilandos
920 2800 975 2925 id·
