2550 4175
374 374 454 469 '384
599 368 822 437 ORATIO
870 445 874 454 ¹

364 486 444 548 lium
469 486 499 543 in
524 480 694 544 testimoniis
720 480 849 542 dicendis
872 480 1058 541 commoveri

372 564 570 630 arbitramini?
580 583 644 645 quae
657 580 796 623 tantuma
806 577 970 621 ceterarum
986 567 1059 643 geri-

372 648 447 706 tium
469 663 575 715 more,
597 665 632 704 ac
654 643 755 705 maturi
775 640 959 715 diffentiunt,
978 640 1059 721 qubd

373 743 477 787 ceterae
524 746 558 785 ro
581 723 767 806 religionibus
791 722 844 783 suis
870 720 953 784 bella·
974 720 1060 782 susci-

372 807 457 889 piunt
469 851 480 878 ,
491 807 500 865 i
560 822 663 865 contra
673 806 804 864 omnium
816 800 990 884 religiones:
1003 802 1059 863 illae

375 886 504 954 inbellis
520 885 654 968 gerendis
669 884 705 945 ab
720 884 773 944 diis
785 882 998 943 immortalibus
1009 903 1060 964 pa·

375 988 466 1041 cem,
484 988 519 1027 ac
538 966 656 1026 veniam
695 980 799 1037 etunt3
818 961 876 1023 istae
898 982 968 1024 cum
987 964 1059 1045 ipsis

374 1049 428 1120 diis
448 1046 656 1107 immortalibus
672 987 750 1105 bella
770 1041 925 1126 gesserunt.
1041 1045 1044 1049 ’

379 1123 387 1180 -’
416 1127 455 1189 Χ.
483 1126 539 1186 Hae
560 1124 622 1186 suut
643 1128 797 1199 nationes,
820 1146 886 1205 quae
909 1122 1060 1205 quondam

373 1228 435 1276 tam
444 1209 474 1268 lo
515 1207 576 1267 eab
586 1205 641 1266 suis
654 1204 786 1279 sedibus,
800 1201 939 1285 Delphos
951 1202 1057 1286 usque,

374 1289 412 1351 ad
433 1227 602 1370 Apbllinem
616 1286 777 1368 Pythium,
794 1302 880 1366 atque
900 1285 939 1345 ad
956 1306 1059 1347 oracu-

374 1370 436 1431 lum
448 1370 525 1429 orbis
534 1386 617 1429 terrae
634 1367 800 1427 vexandum
811 1411 823 1437 ‚
833 1387 866 1425 ac
878 1364 1060 1446 spoliandum

375 1449 521 1533 profetiae'
530 1448 603 1510 sunt.
616 1446 666 1508 Ab
679 1446 779 1509 iisdem
793 1446 926 1529 gentibus
938 1445 1059 1522 sarrffis,

377 1532 410 1598 Gi
430 1534 461 1592 in
476 1528 644 1592 testimonio
661 1530 823 1611 religiosis,
841 1525 983 1590 obsell'um
998 1525 1061 1588 Ca-

377 1612 521 1691 pitolium,
538 1610 604 1684 est,
632 1626 720 1691 atque
752 1609 800 1670 ille
821 1608 956 1689 Jupiter,
979 1605 1060 1687 cujus

374 1693 494 1752 numine
518 1688 646 1768 majores
657 1688 759 1765 ,nostri
779 1688 904 1750 sanilam
924 1685 1060 1751 testimo-

376 1773 492 1836 niorum
509 1767 599 1836 fidem
611 1767 669 1829 elle
681 1770 848 1831 voluerunt.

381 1913 385 1918 ,
419 1869 468 1910 21.
488 1847 639 1910 Postremb
660 1849 704 1910 his
723 1850 792 1932 quid
813 1871 881 1911 uam
904 1848 1059 1924 sanilum,

377 1952 410 2002 ac
429 1929 593 2013 religiosum
608 1929 702 1991 videri
719 1872 813 2011 potel
832 1951 842 2005 ;
897 1931 907 1990 i
926 1932 1015 1992 etiam
1037 1933 1060 1991 si

398 2012 494 2072 uando
511 2012 608 2092 aliquo
619 2027 701 2071 metu
710 2011 824 2071 addutti
834 2057 846 2083 ‚
856 1952 928 2072 llos
964 2012 1060 2073 lacan-

377 2033 433 2154 los
451 2091 509 2154 ell'e
532 2094 723 2166 arbitramur,
742 2093 872 2153 humanis
889 2093 930 2153 ho
956 2095 989 2153 'is
1008 2113 1060 2154 eo·

376 2195 442 2234 rum
454 2194 543 2246 aras,
558 2192 591 2232 ac
608 2174 718 2254 templa
735 2171 900 2234 funestam?
914 2189 946 2233 ut
960 2194 1000 2234 ne
1014 2193 1061 2234 re-

375 2255 520 2336 ligionem
535 2252 654 2333 quidem
671 2254 769 2314 colere
784 2257 915 2335 possint,
928 2255 984 2315 nisi
994 2273 1060 2315 earn

374 2333 466 2415 ipsam
487 2333 565 2415 priirs
583 2332 691 2395 scelere
713 2335 858 2396 violarint.
880 2333 958 2414 Quis
981 2337 1060 2396 enim

349 2464 352 2472 .
377 2416 385 2429 '
407 2429 512 2487 norat,
526 2433 578 2474 eos
590 2414 677 2495 usque
695 2414 732 2474 ad
749 2416 823 2475 hanc
840 2416 920 2475 diem
932 2416 1060 2477 retinere

373 2434 454 2555 lllam
471 2496 650 2567 immanem,
668 2516 702 2557 ac
721 2495 872 2555 barbaram
902 2495 1062 2557 consuetu·

375 2571 473 2641 dinem
492 2574 644 2635 hominum
660 2574 925 2637 immolandorum?
942 2575 1062 2657 Quam-

376 2654 504 2725 obrem,
525 2655 602 2736 quali
625 2652 708 2729 fide,
731 2657 807 2734 quali
833 2656 942 2736 pietate
961 2658 1062 2719 existi-

376 2737 459 2795 matis
475 2732 532 2796 effe
551 2755 624 2809 eos,
641 2737 690 2817 qui
709 2739 795 2796 etiam
812 2735 885 2797 deos
903 2738 1062 2798 immorta-

375 2814 417 2879 les
432 2816 602 2885 arbitrentur
618 2817 770 2881 hominum
787 2816 920 2894 scelere,
943 2818 978 2878 δι
992 2818 1060 2878 sarr-

972 2903 1061 2980 guine
