2550 4175
291 368 368 462 '136
450 368 510 432 IN
552 368 787 430 VERREM

291 482 361 546 laria
370 526 382 553 ,
391 501 453 562 quae
467 480 496 539 in
508 479 620 539 nullum
634 478 721 537 alium
736 472 894 535 hominem
905 474 983 550 dici,'

291 581 387 646 neque
417 562 574 620 convenire
600 559 739 640 possint:
765 554 907 636 quaedam
930 559 985 618 tibi

290 663 359 704 cum
372 640 467 700 multis
483 641 659 701 communia.
675 635 775 777 Erqq,
793 651 826 696 ut
841 639 985 700 omittam

291 740 359 784 tuos
371 720 539 804 peculatus,
554 736 586 780 ut
602 719 642 780 ob
656 716 700 796 jus
738 715 879 779 ‘cendum
893 739 986 800 pecu·

289 806 353 864 nias
371 822 440 863 acce
462 819 527 876 tas,
553 819 585 861 ut
607 796 750 880 ejusmodi
771 815 898 872 cetere,
919 820 986 882 qua

290 882 410 944 forsitan
422 824 469 942 aiii
486 900 603 964 quoque
622 882 710 942 etiam
718 876 844 940 fecerint
863 899 873 938 τ
890 879 985 953 illud,

290 966 322 1024 in
342 985 401 1045 quo
420 979 452 1024 te
470 961 637 1044 gravissime
661 957 811 1033 accusavi,
878 959 922 1022 bd
944 961 984 1022 ob

290 1041 475 1125 judicandam
493 1062 554 1103 rem
568 1043 721 1123 pecuniam
738 1059 831 1134 accep
867 1061 900 1102 es
911 1087 924 1114 ,
935 1041 987 1103 ed·

292 1125 361 1186 dem
377 1121 429 1183 ista
445 1125 556 1184 ratione
574 1119 738 1194 defendes,
760 1117 862 1182 fectffe
883 1121 986 1186 alios?

290 1202 336 1266 Ut
355 1225 412 1286 ego
439 1201 570 1264 affentiar
597 1202 746 1274 orationi,
774 1198 987 1264 defensionem

292 1302 393 1347 tamen
406 1306 467 1346 non
480 1283 625 1365 probabo.
637 1281 737 1343 Potius
748 1283 829 1343 enim
839 1326 850 1356 ‚
862 1299 894 1354 te
907 1283 988 1344 dane

292 1383 386 1439 nato,
401 1369 504 1427 ceteris
522 1361 665 1445 angustior
682 1362 763 1423 locus
784 1363 987 1444 improbitatis

292 1446 486 1509 defendendae
499 1446 570 1506 celin
590 1460 694 1517 uetur,
707 1439 794 1524 quim
804 1487 816 1517 ‚
825 1461 858 1504 te
870 1442 990 1506 absolu·

293 1544 328 1670 qo
338 1573 378 1668 ,Μ
362 1528 408 1588 alii
418 1572 428 1602 ‚
427 1525 521 1666 xqqu
533 1465 722 1586 audacissime
734 1521 894 1602 fecerunt,
909 1524 988 1588 redd

308 1628 340 1670 ec
373 1627 426 1668 ee
479 1622 613 1666 amentur.

334 1685 536 1747 LXXXIX.
554 1685 597 1745 Lu
619 1701 669 1745 ent
685 1704 789 1746 omnes
799 1686 987 1766 provinciae:

292 1783 450 1849 queruntur
465 1786 568 1826 omnes
584 1705 668 1826 lieri
683 1765 850 1846 populine
873 1788 912 1828 na
936 1767 989 1830 de-

293 1844 459 1989 diiii}
473 1842 876 1990 &dedidissszffddss
897 1849 991 1991 :22:¹3

293 1950 443 2091 numiam
462 1948 554 2069 nuliius
573 2005 637 2082 est,
663 2025 759 2102 neque
780 2023 845 2068 tam
865 2007 990 2095 longin-

295 2113 394 2174 quus,
409 2111 504 2171 neque
523 2106 583 2151 tam
603 2086 791 2163 reconditus,
809 2090 873 2170 qun
902 2112 990 2168 non,

319 2193 350 2235 er
364 2173 424 2233 haec
435 2190 591 2252 tempora,
608 2166 770 2229 nostrorum
782 2169 946 2233 hominum
955 2172 989 2233 ii·

294 2193 396 2327 iido,
423 2249 611 2333 iniquitasque
636 2246 793 2331 pervasesit
816 2271 825 2310 ι
848 2250 989 2315 sustinere

295 2330 356 2414 jam
376 2331 500 2412 populus
512 2329 663 2390 Romanus
682 2330 814 2391 omnium
831 2334 989 2395 nationum

295 2432 359 2472 non
382 2414 470 2484 vim,
496 2431 555 2470 non
580 2431 659 2470 arma
674 2455 684 2484 ,
699 2431 761 2470 non
779 2410 924 2491 bellum,
941 2411 989 2477 sed

296 2490 428 2567 ludum,
446 2490 611 2572 iacrymas,
628 2492 824 2572 querimonias
842 2514 909 2555 nou
930 2516 989 2577 po·

297 2571 414 2632 test.1n
438 2569 578 2650 ejusmodi
594 2591 650 2643 re,
667 2592 701 2630 ac
719 2572 875 2646 moribus,
896 2576 923 2635 si
942 2577 989 2650 is,

298 2654 348 2733 qui
366 2655 419 2713 erit
442 2651 579 2711 adducius
592 2652 622 2709 in
638 2648 800 2728 judicium,
818 2673 916 2735 quum
928 2676 992 2717 ma·

299 2730 407 2793 nifestis
428 2733 458 2790 in
472 2732 584 2814 flagitiis
603 2731 772 2807 tenebitur,
785 2730 860 2795 alios
882 2736 992 2799 eaden

298 2810 395 2873 feciffe
416 2814 513 2885 dicet;
530 2813 570 2873 illi
593 2811 728 2893 exempla
751 2834 814 2874 non
835 2813 991 2879 deerunt:

300 2893 462 2977 reipublice
491 2892 562 2957 salus
590 2892 703 2969 deerit,
726 2894 751 2955 si
779 2896 995 2979 improborum
