2550 4175
424 827 450 897 6
590 826 656 894 In
696 829 934 897 Vonnam

422 937 547 999 consiliis
566 940 750 1014 commissis,
766 941 890 1022 pecunid
909 937 1039 1011 traditi,
1059 960 1109 1001 re·

423 1019 476 1078 bus
499 1018 635 1080 omnibus
651 1019 787 1094 creditis,
802 1019 924 1102 spoliare
939 1067 948 1095 ,
965 1021 1109 1102 relinque·

422 1119 479 1174 re,
496 1099 624 1182 prodere
636 1146 646 1173 ,
656 1121 826 1184 oppugnare
846 1101 924 1162 ausus
939 1101 997 1162 sit?
1010 1102 1109 1181 pudo-

422 1199 508 1257 rem,
525 1180 556 1241 δι
572 1180 741 1263 pudicitiam
779 1184 809 1242 ui
825 1184 919 1256 colit,
935 1179 1032 1264 potest
1047 1186 1109 1243 ani·

422 1281 475 1322 mo
492 1282 576 1344 aeqno
590 1259 666 1320 istius
682 1203 850 1344 quotidiana
866 1264 1027 1339 adulteria,
1043 1283 1109 1324 me·

421 1343 567 1403 retriciam
588 1340 787 1465 disciplinam,
811 1343 1001 1406 domesticum
1022 1344 1109 1405 leno-

423 1425 530 1483 cinium
542 1423 645 1483 videre
660 1468 668 1483 .
691 1427 740 1506 qni
753 1424 907 1508 religiones
920 1425 1109 1494 deorumim·

422 1504 588 1564 mortalium
598 1504 723 1567 retinere
741 1505 825 1580 vult,
844 1509 890 1581 ei,
901 1509 948 1588 qui
962 1505 1030 1566 sana
1042 1505 1109 1589 spo·

416 1583 498 1645 liarit
510 1587 629 1660 omnia,
643 1587 691 1667 qui
706 1605 742 1646 ex
751 1585 913 1647 thensarum
924 1586 1023 1646 orbitis
1035 1609 1109 1668 prae·

423 1666 487 1726 dati
503 1669 538 1726 sit
557 1664 657 1739 ausus,
671 1667 803 1726 inimicus
827 1688 888 1727 non
905 1664 961 1728 elle
1024 1667 1035 1725 i
1053 1689 1109 1749 po·

423 1744 480 1808 test
490 1753 500 1803 .>
510 1749 558 1829 qui
573 1744 636 1827 jure
649 1766 732 1828 aequo
745 1765 848 1807 omnes
857 1763 969 1828 putate
993 1768 1109 1829 eopot·

424 1843 509 1902 tere,
529 1829 552 1887 is
576 1827 628 1886 tibi
647 1848 708 1887 nort
724 1824 919 1888 infestissimus
940 1829 975 1887 sit
991 1849 1000 1900 ;
1023 1849 1109 1910 quum

425 1911 536 1990 cogitet
550 1910 742 1981 varietatem,
759 1907 966 1991 libidinemque
980 1907 1109 1972 decreto·

423 2009 488 2047 rum
506 1987 647 2047 tuorum?
665 1992 714 2067 qui
733 1987 878 2052 sociorum
896 1987 1027 2068 injuriis,
1039 2011 1109 2086 pro·

423 2069 641 2148 vinciatumqne
658 2067 855 2128 incommodis
870 2068 988 2143 doleat,
1004 2071 1070 2133 ism
1084 2090 1109 2135 tt

420 2168 485 2211 ‘uon
496 2148 672 2231 expilatione
692 2147 771 2208 Asia
781 2193 792 2223 ‚
804 2153 963 2213 vexatione
976 2150 1109 2235 Pamphi·

423 2230 490 2307 liae,
507 2228 639 2313 squalore
661 2228 694 2290 δι
712 2228 850 2311 lacrymis
865 2229 965 2292 Siciliae
980 2236 1109 2295 concite·

424 2316 494 2371 tut?
523 2311 573 2393 qui
595 2311 705 2371 civium
727 2308 933 2375 Romanorum
962 2308 1026 2393 jura
1039 2358 1053 2387 ,
1082 2336 1109 2376 at

422 2392 608 2467 libertatem,
628 2389 753 2452 sanciam
777 2392 858 2474 apud
881 2412 985 2455 omnes
1013 2392 1109 2457 haber

424 2473 517 2547 velit,
533 2475 556 2533 is
573 2495 634 2534 non
650 2473 702 2533 tibi
713 2473 777 2555 plus
790 2476 900 2549 etiam,
954 2472 1001 2533 lm
1016 2474 1109 2537 inimi·

425 2557 476 2614 'cus
489 2550 545 2613 ess'e
564 2552 688 2625 debeat,
700 2572 790 2632 quum
805 2568 856 2612 tua
866 2572 920 2613 ver
942 2572 1010 2625 era,
1024 2574 1109 2635 quun

424 2630 556 2706 secures,
628 2650 659 2690 nt
671 2648 770 2693 cruces
785 2630 823 2690 ad
842 2633 948 2693 cit-ium
960 2630 1109 2697 Romano

425 2732 489 2774 rum
509 2710 580 2795 supp
593 2713 647 2773 ‘cia
664 2708 735 2771 fixas
752 2708 952 2773 recordetur?

467 2810 497 2871 7.
515 2790 586 2869 An,
602 2797 627 2853 si
644 2812 701 2877 qua
715 2792 746 2852 in
761 2806 797 2852 rt·
814 2808 918 2854 contra
936 2808 999 2853 rem
1015 2810 1109 2857 mean

427 2868 569 2935 decresset
586 2868 694 2956 aliquid
718 2864 846 2951 injurii,
864 2868 930 2953 jure
946 2890 999 2933 me
1014 2874 1042 2935 ei
1058 2876 1109 2939 ini·

426 2957 535 3017 micum
551 2952 607 3017 esse
621 2954 773 3015 arbitrarer
791 2974 799 3013 :
818 2972 907 3035 quom
923 2954 1023 3015 omnia
1042 2972 1109 3019 con·

426 3054 473 3099 tta
492 3039 623 3098 omnium
644 3035 793 3096 honorum
805 3054 893 3109 rem,
911 3032 1048 3111 cansam,
1069 3058 1109 3101 ra«

426 3120 540 3180 'tionem
555 3164 565 3193 ,
585 3116 761 3191 utilitatem,
776 3114 1023 3199 voluntatemque
1034 3112 1109 3199 seco

429 3202 488 3275 rit,
509 3198 632 3282 quaeris,
647 3216 697 3258 cur
711 3197 739 3258 ei
754 3190 806 3257 tim
823 3198 979 3273 inimicus,
995 3194 1041 3259 cul
1059 3194 1109 3281 p&

430 3280 515 3361 pulus
536 3270 686 3340 Romanus
712 3268 829 3339 infestus
851 3280 909 3354 sit,
934 3280 983 3375 qui
1001 3298 1066 3361 prm·

428 3362 482 3425 tim
494 3360 558 3449 plus
568 3364 655 3425 etiarn
666 3405 677 3437 ,
693 3359 780 3443 quim
790 3372 857 3446 pars
868 3359 958 3425 rudo
969 3354 1064 3447 posui
