2550 4175
255 252 316 321 500
477 237 724 297 Nouium

254 353 429 407 recuperatores
447 339 548 405 recipe:
565 338 605 387 sed
625 339 712 387 eodem
734 333 802 386 sensu
822 330 882 384 dixit
901 333 936 385 su·

254 414 298 477 pri
315 411 446 477 28,1'ules
461 426 635 478 recuperatores
649 411 754 474 rejicere.

291 499 326 546 47
339 517 347 543 ,
361 499 405 534 21.
424 484 497 555 Quod
510 485 532 533 ei
547 483 656 534 debatur.
671 483 721 531 Has
736 496 813 531 voces
824 513 832 539 ‚
845 480 870 529 iu
880 481 937 529 vul·

254 556 317 623 gatis
326 556 418 605 omissas
430 590 437 615 ‚
453 574 486 606 ex
497 556 584 606 Nannii
598 556 660 606 libro
669 556 763 620 recepit
775 570 832 603 cum
847 553 937 603 Catulo

253 627 379 691 Stephano
400 629 531 687 Graevius,
554 629 581 680 dt
600 630 643 681 hus
659 628 739 679 servat
759 627 842 694 regius
860 625 937 676 codex

253 701 370 768 optimus.

291 774 347 835 48,
362 791 388 838 7.
406 773 543 837 Sestertium
553 773 605 825 Lx.
617 774 646 823 ln
661 774 707 823 hac
723 771 835 822 oratione
847 767 937 822 numeri

253 848 396 915 plerumque
415 848 556 913 depravati,
574 846 615 913 qui
631 859 712 896 tamen
733 844 823 912 corrigi
841 844 894 895 sine
909 844 938 893 li·

253 921 304 970 bris
320 938 369 970 non
380 920 482 985 possunt.

294 1008 327 1053 54
338 1025 346 1050 ,
359 1009 385 1041 2.
400 994 423 1042 A
439 992 531 1059 populo
544 988 803 1057 fice'lurum...rerum.
825 988 938 1042 Gravius

254 1063 321 1114 delet
331 1065 527 1129 praepositionem
538 1097 545 1123 ‚
562 1082 631 1129 quam
643 1064 739 1131 ignorat
749 1064 831 1131 regius
841 1064 937 1122 codex,

254 1148 283 1187 ut
300 1136 464 1205 intelligantur
483 1138 592 1204 pecunia
611 1140 677 1187 bono
701 1137 727 1187 dt
745 1137 875 1187 commodo
892 1152 938 1202 po·

254 1210 306 1277 puli
320 1210 386 1260 fauo
399 1212 424 1261 dt
435 1213 549 1277 quaesitae.
568 1210 602 1260 At
613 1210 766 1260 Hotomanus
781 1211 899 1276 legebat,
910 1208 938 1258 ab

254 1283 307 1351 ipso
323 1282 373 1333 scil.
395 1284 459 1333 Sulla
469 1282 593 1349 fhc‘icrum.
782 1331 785 1338 ,

293 1356 417 1407 liuidum
434 1356 490 1407 Hoc
504 1356 555 1419 est,
573 1355 668 1406 Tertio.
682 1354 813 1406 Lambinus
830 1354 857 1405 δι
872 1354 939 1406 Grae·

254 1429 308 1479 nius
325 1428 440 1479 addidere
458 1446 545 1479 vocem
560 1430 683 1487 ultimam,
698 1426 838 1493 quarabest
859 1446 874 1477 a
891 1427 938 1479 roff.

254 1501 381 1552 Manutius
399 1504 500 1567 putabat
517 1503 575 1553 duas
591 1517 687 1562 voces,
703 1502 748 1551 loe
764 1500 798 1563 est
814 1534 826 1558 ,
849 1501 940 1553 otiosas

253 1572 302 1624 eise
316 1590 344 1623 ac
364 1574 487 1624 delendas.

294 1659 345 1706 57,
357 1662 382 1707 7.
394 1645 464 1695 Serui
471 1645 563 1712 publici
575 1647 607 1695 ad
614 1643 739 1713 redigoiio
747 1646 871 1696 accedent.
881 1645 940 1697 Pro·

250 1717 297 1768 but
315 1716 426 1769 Graevius
442 1718 570 1772 leuionem
584 1719 703 1769 Nanniani
714 1718 823 1781 codicis,
834 1717 901 1789 serui
910 1720 940 1769 ed

251 1788 352 1860 publica
366 1790 490 1860 redigolia
503 1794 625 1843 accedam.

295 1864 348 1925 58,
364 1864 408 1915 28·
423 1865 495 1914 Dent
511 1864 635 1915 Bariobali
651 1864 939 1936 medimnis.1.egeodum

252 1934 352 1987 ridetur
366 1954 420 1988 cum
435 1938 549 1989 Mamurio
561 1972 569 1998 ,
583 1956 629 2007 pro
648 1939 777 1996 medimnis.

293 2010 348 2070 6ο,
369 2025 411 2073 15.
428 2012 593 2064 commercium
607 2010 784 2063 Panorminmis
800 2011 840 2074 cst.
852 2012 889 2063 lta
900 2028 939 2062 co·

256 2081 323 2134 dices
342 2083 430 2144 nostri,
456 2085 482 2137 &
496 2099 594 2137 veteres
611 2085 681 2136 editi.
700 2083 811 2136 Graevius
829 2103 861 2136 ex
878 2088 939 2137 Nau·

231 2196 233 2200 ι
255 2157 289 2209 nii
306 2158 392 2209 codiee
407 2159 492 2217 dedit,
505 2159 664 2209 commercium
675 2158 762 2208 nemini
776 2157 819 2220 est.

294 2229 348 2289 61,
368 2245 409 2294 17.
431 2230 481 2303 Qui
495 2232 638 2282 dubitarent.
665 2231 792 2281 Lambinus
807 2230 893 2281 maluit
911 2247 942 2282 ex

255 2300 346 2352 Nannii
363 2305 444 2363 libro,
461 2304 500 2371 qui
517 2304 628 2355 iuberent
647 2304 697 2354 scil.
717 2302 889 2369 possessiones.

255 2415 258 2418 ,
293 2375 347 2436 65,
365 2377 389 2424 8.
404 2376 568 2428 Meneuoruru.
581 2378 616 2427 lta
633 2377 701 2427 dedit
715 2374 847 2434 Graevius,
866 2377 892 2427 δι
907 2375 943 2427 sic

257 2461 346 2496 nomen
356 2447 464 2498 scribitur
480 2450 506 2498 in
515 2451 588 2516 regiis
603 2449 738 2500 codicibus.
752 2448 856 2516 Vulgati
869 2482 877 2506 ,
888 2449 946 2499 Me·

256 2534 386 2569 remorum.

293 2590 355 2641 lbid.
375 2606 416 2655 14.
439 2591 512 2644 Vobis
525 2589 641 2660 seruiunt.
659 2593 734 2645 Fortis
749 2591 817 2645 uobis
829 2589 926 2660 serunt.

296 2661 350 2722 66,
367 2679 393 2728 9.
407 2665 500 2716 Ietinis.
517 2667 553 2717 lta
567 2668 697 2734 legendum
713 2666 759 2720 eise
769 2668 861 2735 probat
872 2665 945 2720 Gra·

258 2733 329 2808 pius,
340 2753 406 2799 non,
424 2753 451 2792 ut
463 2739 556 2810 tulgi,
574 2740 677 2801 Letinis.
