2550 4175
370 650 625 718 Acrrours
647 649 695 718 ΙΙ.
720 650 756 718 L.
781 649 849 718 III.
903 671 978 746 137

297 764 439 843 exemplis
457 763 583 844 improbi
596 760 728 843 judicio,
746 785 779 825 ac
799 763 930 846 periculo
943 764 979 825 li··

295 843 483 904 berabuntur.

340 922 407 983 208.
433 922 549 982 Placent
568 923 654 983 vobis
673 922 825 983 bominum
849 922 976 985 mores?

295 1001 393 1081 placet
409 1003 448 1061 ita
468 1005 530 1084 geri
548 1002 748 1085 magistratus,
764 1019 796 1062 ut
817 1005 976 1085 geruntur!

296 1082 391 1162 placet
411 1081 505 1142 socios
525 1083 564 1142 sic
578 1082 710 1157 tradari,
727 1081 808 1164 quod
824 1082 926 1155 restat,
944 1099 976 1141 ut

295 1182 350 1301 Eer
372 1162 433 1222 ltaec
451 1179 586 1242 tempora
604 1162 740 1224 traslatos
763 1162 892 1223 videtis?
915 1161 977 1222 Cur

318 1263 358 1301 aec
376 1264 393 1301 a
411 1262 459 1302 me
477 1263 568 1323 opera
588 1243 788 1304 consumitur?
805 1243 874 1324 quid
889 1241 977 1303 sede·

295 1324 331 1380 tis
346 1324 361 1382 ,ἓ
378 1343 427 1382 cur
444 1343 504 1383 non
521 1325 551 1383 in
570 1324 667 1384 media
684 1325 817 1385 oratione
829 1343 895 1385 mea
906 1342 978 1383 con-

294 1400 427 1483 surgitis,
450 1419 536 1483 atque
565 1402 737 1465 disceditis?
760 1402 857 1465 Vultis
878 1420 977 1465 autem

294 1482 411 1543 iliorum
435 1482 566 1543 audacias
579 1528 589 1556 ,
601 1481 644 1543 'ac
667 1482 800 1543 libidines
820 1484 914 1564 aliqua
939 1503 977 1543 ex

295 1578 377 1642 parte
390 1561 542 1625 resecare?
559 1562 695 1623 Desinite
712 1562 864 1635 dubitare,
880 1578 978 1622 utrum

295 1643 332 1701 sit
348 1641 461 1714 utilius,
477 1658 599 1722 prnpter
614 1645 722 1702 multos
742 1642 914 1721 improbos,
928 1643 978 1700 uni

294 1740 436 1802 parcere,
452 1742 488 1780 an
504 1722 587 1780 unius
600 1722 728 1802 improbi
741 1719 879 1800 supplicio
898 1719 978 1780 mul-

294 1820 393 1862 torum
410 1804 449 1861 im
472 1800 628 1862 r'obitatem
647 1806 794 1861 coercere.

337 1899 406 1960 209.
435 1823 566 1942 'lPametsi
591 1903 655 1963 quae
681 1878 731 1941 ista
755 1880 817 1941 sunt
843 1880 979 1961 exempla

295 1961 478 2022 multorum?
506 1983 574 2022 narn
599 1982 688 2043 quum
710 1963 739 2021 in
767 1959 847 2022 causa
874 1977 977 2034 tanta,

296 2063 384 2123 quum
403 2044 432 2102 in
450 2044 568 2103 crimine
587 2044 714 2104 maximo
729 2040 784 2102 diti
795 2064 811 2102 a
823 2039 978 2104 defensore

296 2140 426 2202 coeptum
449 2121 513 2196 est,
532 2122 688 2182 faditatum
706 2119 764 2182 esse
780 2123 816 2182 ali
857 2122 887 2181 id
905 2143 912 2181 t
930 2142 978 2183 ex·

295 2201 425 2281 spedant
442 2203 482 2275 ii,
500 2204 548 2282 qui
565 2202 684 2261 audiunt
696 2244 708 2271 ‚
718 2200 823 2280 exemp
836 2223 854 2260 a
870 2222 906 2260 ert
923 2221 979 2262 ve·

296 2297 360 2340 tere
378 2282 540 2352 memoria,
560 2281 593 2339 &
612 2280 831 2351 monumentis,
849 2301 883 2337 ac
900 2279 980 2340 litte·

295 2362 357 2431 ris,
376 2359 463 2439 plena
483 2359 652 2441 dignitatis,
673 2358 759 2439 plena
776 2361 957 2439 antiquitatis.

336 2439 366 2499 X
376 2438 412 2500 C.
434 2440 505 2499 Haec
548 2440 680 2499 lurimlrm
696 2437 789 2498 solent
805 2440 837 2499 ὅ(
854 2438 980 2499 auderi·

296 2522 361 2580 tatis
375 2520 482 2581 habere
497 2462 734 2600 adprobandum
748 2564 757 2592 ,
771 2520 802 2579 &
816 2517 979 2598 jucundita-

296 2604 333 2658 tis
344 2601 380 2660 ad
400 2601 585 2661 audiendum.
603 2599 759 2661 Africanos
771 2600 860 2673 mihi,
875 2601 907 2660 ὅ(
919 2599 978 2661 Ca·

295 2696 401 2754 tunes,
421 2682 453 2741 ὃ(
469 2681 573 2741 Laelios
593 2680 856 2742 commemorabis?
877 2681 977 2742 &eos

295 2758 392 2821 fecisse
407 2760 485 2822 idem
508 2761 609 2821 dices?
627 2763 758 2840 quamvis
772 2780 817 2819 res
833 2759 901 2818 mihi
915 2781 978 2820 non

295 2840 408 2920 placeat
426 2864 434 2901 :
452 2859 549 2902 tamen
564 2859 664 2901 contra
683 2841 834 2900 hominum
854 2839 979 2900 audlori·

297 2935 388 2980 tatem
405 2941 532 3002 pugnare
553 2942 614 2981 non
628 2937 744 3004 potero.
761 2920 811 2980 An
825 2941 913 3002 quum
924 2940 977 2982 eos

296 3019 358 3058 non
372 3003 481 3079 poteris
493 3001 644 3081 proferre,
661 3001 792 3082 proferes
804 3001 858 3059 hos
873 3021 977 3060 recen-

297 3094 365 3151 tes,
387 3077 430 3156 Q.
455 3078 590 3142 Catulum
614 3098 747 3162 patrem,
771 3076 809 3138 C.
828 3079 976 3152 Marium,

296 3157 341 3241 Q.
361 3155 544 3236 Scaevolam,
563 3161 610 3222 M.
623 3160 785 3234 Scaurum,
803 3157 846 3240 Q·
863 3159 977 3227 Metel-2
