2550 4175
291 396 367 493 '308
451 396 514 462 In
554 398 789 461 Vanitati

290 507 476 589 conspedlum
498 510 593 569 nautis
615 506 756 588 paulisper
779 502 869 565 dedit.
889 499 978 567 Stetit

291 588 414 650 soleatus
428 605 535 670 praetor
548 589 650 670 populi
662 587 790 649 Romani
803 599 869 645 cum
881 588 975 667 pallio

290 689 460 751 purpureo,
476 670 628 750 tunicaque
639 669 720 728 talari
729 712 740 743 ‚
749 666 918 728 mulierculd
931 669 978 727 ni·

289 770 343 809 xus
358 752 389 808 in
404 750 513 811 littore.
530 749 594 811 Jam
610 749 667 809 hoc
687 748 750 829 ipso
766 746 851 807 istum
868 746 975 809 vestitu

286 826 403 903 Siculi,
424 827 560 912 civesque
585 828 713 893 Romani
740 828 878 911 permulti
898 827 974 911 saepe

288 910 435 973 viderunt.

300 1048 306 1052 .
332 990 381 1068 87.
393 989 582 1072 Posteaquam
594 991 711 1071 paulbm
722 988 863 1071 proveda
877 991 975 1051 classis

291 1068 354 1145 est,
375 1071 407 1131 &
424 1070 594 1152 Pachynum
605 1074 706 1152 quinto
723 1071 770 1131 die
784 1071 910 1152 denique
920 1092 975 1151 ap-

290 1150 370 1232 pulsa
383 1148 423 1211 est
437 1173 444 1211 :
457 1169 550 1211 nautae
566 1150 645 1211 farne
661 1150 753 1212 coalii
760 1194 773 1224 ,
786 1150 898 1211 radices
910 1151 974 1232 pal-

291 1252 404 1293 marum
421 1231 592 1315 agrestium,
607 1253 727 1313 quarum
743 1248 805 1292 erat
821 1233 850 1290 in
864 1231 908 1290 his
924 1232 975 1292 lo-

291 1314 355 1387 cis,
372 1315 443 1372 sicut
455 1316 485 1372 in
498 1333 601 1395 magna
617 1330 699 1394 parte
710 1311 832 1386 Siciliae,
845 1312 975 1372 multitu·

292 1392 354 1464 do,
368 1394 567 1475 colligebant,
583 1393 615 1453 &
627 1393 671 1453 his
687 1391 780 1452 miseri
790 1437 800 1466 ,
809 1392 975 1474 perditique

290 1474 451 1534 alebantur.
467 1473 646 1536 Cleomenes
657 1492 754 1534 autem
766 1518 779 1544 ,
790 1475 840 1553 qui
851 1473 974 1533 alterum

291 1553 321 1614 se
338 1552 465 1615 Verrem
480 1575 569 1636 quum
581 1554 710 1628 luxuria,
727 1570 812 1634 atque
825 1556 976 1633 nequitia,

292 1652 356 1693 tum
388 1638 474 1695 etiarn
499 1637 647 1716 imperio,
671 1651 816 1716 putater;
846 1634 977 1695 similiter

291 1729 372 1774 totos
385 1715 445 1775 dies
457 1758 467 1788 ,
482 1716 511 1775 in
521 1715 620 1774 littore
630 1759 642 1786 ,
652 1714 840 1775 tabernaculo
852 1717 974 1796 posito,

290 1813 344 1876 per
366 1794 476 1855 orabat.
653 1812 655 1815 ·

333 1816 506 1937 llxxlv.
527 1873 604 1937 Ecce
618 1891 716 1937 autem
730 1876 872 1958 repente,
891 1877 976 1937 ebrio

291 1950 478 2030 Cleomene,
489 1954 676 2018 esurientibus
694 1960 817 2031 ceteris,
828 1959 979 2018 nuntiatur·

290 2037 448 2117 piratarum
466 2058 557 2100 naves
579 2037 635 2101 elle
652 2040 684 2099 in
705 2054 792 2119 portu
810 2035 950 2118 Odyrl'eae
963 2057 979 2112 3·

291 2138 361 2178 nam
377 2120 417 2180 ita
428 2121 451 2179 is
468 2119 548 2180 locus
562 2121 728 2180 nominatur
742 2141 750 2179 ε
765 2115 860 2179 nostra
876 2135 974 2180 autem

292 2197 391 2259 classis
407 2201 514 2260 eratin
531 2217 617 2279 portu
635 2199 773 2280 Pachyni.
794 2197 977 2260 Cleomenes

290 2295 406 2351 autem,
422 2278 501 2360 qubd
517 2297 578 2338 erat
588 2277 722 2340 terrestre
732 2278 895 2360 praesidium
912 2301 976 2339 non

290 2376 346 2431 re,
364 2356 415 2418 sed
433 2361 575 2433 nomine,
595 2358 747 2440 sperabat,
766 2358 799 2416 iis
817 2356 975 2431 militibus,

291 2450 366 2517 quos
391 2456 429 2497 ex
453 2457 490 2498 eo
511 2438 580 2500 loco
599 2435 781 2508 deduxillet,
804 2436 923 2516 explere
944 2437 975 2499 se

290 2536 445 2577 numerum
467 2535 640 2590 nautarum,
661 2518 856 2596 &remigum
881 2515 978 2596 polle.

289 2594 420 2676 Reperta
430 2594 471 2656 est
481 2597 585 2658 eadem
597 2595 674 2656 istius
684 2597 808 2656 bominis
817 2599 976 2659 avarissimi

290 2677 365 2736 ratio
380 2678 410 2736 in
426 2677 583 2757 praesidiis,
603 2698 668 2758 quae
685 2679 715 2737 in
735 2676 890 2737 classibus:
905 2701 973 2740 nam

291 2774 374 2818 erant
392 2761 528 2839 perpauci
543 2758 666 2841 reliqui,
679 2761 825 2839 ceterique
840 2758 958 2819 dimissi.

333 2836 383 2899 88.
405 2838 540 2922 Princeps
557 2838 737 2903 Cleomenes
752 2842 781 2900 in
799 2839 976 2984 quadriremi

828 2922 979 3003 emptast
1013 2991 1015 2997 ,

291 2914 482 3011 Centuripina
497 2921 606 2989 malum
619 2922 712 3009 erigi,
727 2921 794 2989 vela
