2550 4175
391 372 654 443 Acrrours
678 369 727 441 ΙΙ.
752 371 789 441 1„
822 377 862 443 V.
904 377 978 471 263

293 486 426 562 nefaria,
442 504 557 549 umet·
576 488 699 549 dubitari
718 509 779 549 non
801 486 916 571 potest,
932 507 981 551 ta·

294 591 388 642 men,
414 587 475 642 ne,
499 570 523 627 si
548 570 695 631 dubitetur
724 570 866 651 quidem,
892 573 980 653 quaeri

294 665 457 731 oporteat3
470 648 561 746 quicl,
579 667 627 709 aut
653 667 790 731 quarinum
806 695 815 724 ‚
833 666 881 711 aur
902 673 981 733 quo-

295 731 389 792 modo
402 748 548 809 acceperis
566 751 575 789 ι
591 735 708 790 remitto
720 732 772 790 ribi
790 732 846 792 hoc
862 747 978 807 toturn,

295 827 383 893 utque
399 808 451 870 isti
460 826 492 870 te
510 811 578 871 curi
588 812 683 873 libero
695 832 705 885 ;
718 831 813 894 neque
827 814 904 872 enim
916 831 981 873 me·

297 909 373 966 ruo,
392 910 432 951 ne
450 890 508 951 hoc
532 896 666 974 cuiquam
685 892 909 975 persuadeatur,
925 908 981 967 ut,

296 971 336 1034 acl
355 971 439 1054 quod
458 969 567 1032 suiuus
590 993 700 1048 nemo,
724 990 829 1056 praeter
846 990 897 1046 te,
922 973 982 1034 ulli

297 1053 423 1150 pecunii
433 1050 538 1113 adduci
555 1056 705 1150 gomeri,
723 1054 754 1113 id
772 1071 803 1114 tu
821 1056 907 1137 gratis
922 1052 982 1115 sus·¹

299 1135 804 1309 ἓρξῗτῖἷζιωάῆυῗηιῑζῖιῗᾞῗι
817 1134 983 1275 {iffi

300 1295 355 1355 luc
369 1296 556 1375 imperatona
572 1315 631 1374 jam
651 1311 701 1356 tua
712 1295 798 1355 laude
817 1294 942 1376 disputo.

341 1371 403 1435 Vl.
425 1374 507 1455 Quid
523 1377 584 1450 ais,
601 1376 680 1435 bone
699 1375 813 1448 custos,
832 1374 983 1436 defensor-

301 1474 361 1538 que
373 1455 554 1536 provincie?
571 1473 622 1529 ru,
639 1473 713 1537 quos
730 1456 829 1517 servos
845 1476 984 1515 armaca-

303 1556 394 1618 pere,
414 1556 449 1596 ac
461 1535 572 1596 bellum
591 1534 688 1597 facere
703 1540 733 1597 in
751 1536 846 1597 Sicilia
862 1535 984 1597 voluisse

303 1616 526 1760 mulii
539 1615 987 1759 diriiffils‘l‘lslliillii

305 1741 447 1851 nasitus,
466 1778 499 1837 &
512 1718 662 1858 sipulum
673 1719 828 1860 lalligatis,
842 1798 878 1839 ex
887 1719 987 1840 lruedirr

306 1876 403 1920 morte
421 1858 554 1937 eripere,
571 1879 605 1915 ac
622 1858 743 1917 liberare
759 1857 838 1919 ausus
857 1859 915 1918 es?
931 1873 986 1931 ur,

307 1960 394 2021 quam
405 1937 547 1997 damnatis
557 1934 645 1995 servis
656 1955 769 1995 crucem
779 1936 899 2009 fixeras,
913 1938 988 1997 hanc

307 2018 480 2081 indemnatis
504 2014 614 2074 civibus
643 2013 784 2075 Romanis
804 2014 990 2079 reservares?

308 2100 434 2162 Perditae
450 2097 581 2155 ciuitates
590 2139 601 2166 ,
618 2092 773 2176 desperatis
788 2096 923 2155 omnibus
942 2115 991 2157 re·

308 2182 387 2254 bus,
411 2176 466 2236 hos
483 2174 576 2235 solent
595 2177 687 2235 exitus
712 2176 839 2236 exitiales
862 2175 990 2252 habere,

310 2280 342 2322 ut
354 2257 482 2321 danmati
493 2259 522 2315 in
536 2256 679 2337 integrum
695 2254 892 2331 restituantur,
903 2257 991 2319 vincli

311 2342 479 2412 solvantur,
494 2334 602 2397 exsules
620 2337 810 2411 reducantur,
826 2358 872 2399 res
880 2337 993 2419 judica·

312 2440 348 2483 ta
359 2419 568 2483 rescindantur:
581 2438 645 2498 quae
665 2438 753 2500 quum
769 2419 923 2494 accidunt,
938 2441 993 2481 ne·

313 2524 365 2564 mo
386 2497 450 2574 est.,
464 2502 532 2581 quin
550 2498 693 2580 intelligat
713 2519 797 2560 ruere
818 2500 895 2560 illam
913 2521 993 2560 rem-

314 2582 479 2665 publicam:
497 2580 559 2639 haec
579 2579 627 2638 ubi
648 2583 808 2655 eveniunt,
823 2601 912 2642 nemo
932 2580 994 2655 est,

314 2666 364 2745 qui
380 2661 468 2722 ullam
485 2659 565 2741 spem
578 2658 672 2720 salutis
691 2662 829 2743 reliquam
844 2661 901 2723 elle
918 2664 994 2722 arbi·

314 2760 429 2805 cretur„

361 2840 409 2899 13.
429 2818 526 2899 Atque
543 2820 605 2881 haec
624 2822 716 2881 sicubi
733 2819 806 2880 sasla
821 2819 904 2890 sunt,
921 2819 994 2881 salla

316 2902 398 2978 fimt,
419 2917 452 2963 ut
470 2900 601 2963 homines
621 2903 801 2984 populares,
817 2918 866 2961 aut
881 2902 996 2961 nobiles
