2550 4175
389 365 718 437 Acsroursll.
743 364 873 434 ΗΠ.
922 360 971 438 '61

265 514 268 518 ·
293 479 424 563 gistratus
443 484 473 542 in
493 484 648 562 provinciis
668 478 858 542 inserviebant
881 479 976 560 publi·

294 564 394 622 canis:
412 562 554 623 ornabant
571 583 644 635 eos,
659 564 831 642 quicumque
847 561 876 618 in
896 580 974 641 ope-

261 678 264 684 ·
294 643 333 701 ris
356 661 461 703 erant:
482 662 691 723 quemcumque
716 644 842 723 equitem
858 639 974 701 Romn-

294 741 364 781 num
378 727 417 782 in·
427 725 582 804 provintia
594 723 726 783 uiderant
739 767 748 794 ,
761 719 907 781 beneficiis
917 767 927 796 ,
938 743 974 782 ac
999 783 1002 788 ,

292 800 465 865 liberalitate
478 802 743 886 prosequebantur:
758 821 852 883 neque
862 819 976 868 tantum

293 881 342 941 illa
354 903 399 944 res
411 885 583 945 nocentibus
592 883 729 966 proderat
738 927 750 955 ,
766 898 903 963 quantum
917 884 976 943 ob-

260 1001 263 1006 ·
293 960 347 1024 fuit
368 964 486 1038 multis,
506 987 595 1047 quum
613 963 719 1046 aliquid
742 980 844 1022 contra
865 963 977 1023 utilita-

294 1058 356 1103 tem
367 1041 427 1122 ejus
444 1045 572 1121 ordinis,
587 1045 826 1124 voluntatemque
837 1041 976 1106 fetillent.

259 1162 263 1167 -
294 1122 485 1185 Retinebatttr
504 1126 561 1187 hoc
580 1142 652 1185 tum
682 1124 778 1184 nescio
802 1124 977 1262 quomodo,

294 1206 376 1285 quasi
394 1208 542 1267 communi
551 1206 673 1267 consilio
687 1205 724 1265 ab
737 1205 791 1263 illis
824 1204 977 1286 iligeuter,

295 1301 353 1359 ut,
371 1288 419 1365 qui
436 1308 525 1347 unum
543 1289 671 1369 equitem
686 1285 853 1345 Romanum
873 1301 979 1344 contu-

297 1365 385 1424 melia
399 1364 515 1447 dignum
534 1365 675 1446 putaffet,
693 1365 730 1425 ab
748 1362 882 1428 universo
896 1364 979 1426 ordi·

298 1463 337 1504 ne
350 1445 428 1505 malo
443 1447 543 1529 dignus
553 1445 734 1525 judicaretur.

328 1541 390 1664 35.
412 1523 460 1585 Tu
479 1529 519 1587 sic
539 1526 670 1586 ordinem
682 1525 856 1586 senatorium
876 1522 980 1606 despe-

298 1604 361 1685 xii
381 1625 388 1664 :
416 1608 456 1667 sic
478 1606 528 1667 ad·
540 1605 682 1686 injurias,
705 1605 842 1666 libidines
857 1626 898 1667 ue
917 1623 979 1667 tuas

299 1688 398 1746 omnia
420 1684 570 1768 coaequasti
595 1709 603 1747 τ
629 1690 670 1747 sic
697 1685 820 1748 habuisti
886 1705 981 1757 tutum

298 1787 364 1826 cum
381 1768 500 1842 animo,
517 1790 550 1828 ac
569 1767 778 1843 deliberatum,
791 1788 916 1841 omnes,
932 1769 982 1848 qui

296 1846 461 1908 habitarent
476 1850 505 1907 iu
521 1847 638 1923 Sicilia,
652 1865 720 1921 aut,
735 1852 783 1929 qui
793 1848 940 1922 Siciliam,
951 1865 982 1908 te

297 1933 447 2007 praetore,
465 1926 638 2009 attigissent,
659 1926 771 2007 judices
793 1928 934 1998 reicere,
950 1943 984 1987 ut

298 2006 369 2079 illud
388 2028 449 2066 non
474 2010 648 2089 cogitares,
674 2023 774 2065 tamen
797 1950 984 2083 ad.ejusdem

300 2086 409 2147 ordinis
420 2085 554 2148 homines
566 2104 596 2147 te
614 2081 727 2164 iudices
737 2083 796 2149 effe
806 2089 984 2162 venturum}

298 2167 331 2227 in
347 2168 448 2249 quibus
459 2211 469 2240 ‚
479 2170 502 2227 si
513 2171 568 2228 eut¹
589 2164 690 2227 sotum.
697 2168 856 2230 domestico
873 2169 986 2228 incom-

296 2249 397 2318 modo
415 2247 508 2309 nullus
527 2189 614 2309 dolor
631 2249 790 2322 insideret,
804 2265 902 2309 tamen
914 2245 985 2309 effer

299 2329 347 2389 illa
368 2331 528 2412 cogitatio,
546 2331 576 2389 in
593 2328 708 2390 alterius
727 2325 830 2409 injuria
844 2326 901 2389 sese
920 2326 987 2389 des.-

299 2407 425 2491 pellos,
445 2400 673 2501 dignitatemque
701 2406 808 2469 ordinis
828 2426 896 2485 com
925 2488 928 2493 Ι

297 2506 383 2631 ra
398 2489 595 2645 f‘rrrrr
611 2427 1044 2809 lsslssffiff

298 2650 434 2722 ‚videtum
454 2650 554 2712 Habet
573 2652 652 2725 enim
677 2669 738 2732 que,
836 2714 848 2729 ¹,

301 2729 502 2804 contumelia,
522 2750 609 2812 quem
619 2729 801 2868 ffatipudeu
868 2810 873 2821 .

300 2809 376 2896 imni
394 2808 560 2906 difficillime
578 2832 618 2906 po
641 2824 703 2889 unt,
747 2838 766 2863 ,ι
801 2834 827 2891 ·=.·.-

301 2946 311 2963 ι
334 2846 889 3065 ·96·-5Ρῦίιιξῖι-8ιουὶοςρωᾳᾷ
