2550 4175
359 442 432 535 198
582 442 640 507 ln
672 441 901 508 Vennum

352 575 412 618 tam
421 555 513 618 nobili
523 600 533 629 ,
543 556 574 615 in
584 575 615 615 te
631 572 692 613 tam
701 551 863 628 eximia,in
873 547 984 634 injuria
993 569 1051 615 tam

354 639 482 712 acerba,
506 634 661 719 neglexiffe
681 632 823 695 audierint
841 654 853 706 ;
880 653 945 694 non
969 652 1050 696 erunt

353 735 415 780 tam
433 733 587 789 amentes,
604 732 635 775 ut
651 734 771 796 operam
786 757 797 788 ,
812 733 940 790 euram,
957 734 1049 812 peru-

353 801 432 859 niam
445 797 615 879 impendant
624 797 654 854 in
664 814 712 855 eas
722 814 767 855 ret
778 837 789 868 ,
802 813 879 876 quas
888 795 980 859 rohtt
990 815 1048 880 gra·

352 895 396 941 tas
407 878 472 940 fore
484 900 544 938 non
557 877 740 937 arbitrentur.

395 957 531 1019 XXXI.
549 957 617 1018 Hoc
634 956 703 1018 loco
715 999 727 1028 ,
740 951 785 1034 Q.
800 952 938 1031 Catule,
955 971 987 1019 te
1003 977 1047 1040 tp

354 1040 436 1122 pello
459 1060 466 1098 :
491 1038 597 1120 loquor
613 1037 691 1097 enim
710 1035 748 1096 de
775 1055 828 1096 tuo
861 1036 1047 1111 clarissimo,

377 1120 609 1200 ulrhetrimoque
624 1133 820 1177 monumento
839 1136 849 1175 t
869 1139 936 1178 non
953 1115 1046 1192 judicis

355 1141 449 1262 ioum
471 1199 655 1261 severitatem
678 1199 708 1257 in
737 1196 795 1256 hoc
827 1197 982 1275 crimine,
1004 1197 1047 1260 sed
1102 1229 1105 1238 ·

357 1284 453 1364 propt
465 1283 596 1356 inimici,
613 1296 701 1360 atque
719 1274 899 1339 accusatoris
917 1281 981 1340 vim
999 1277 1047 1340 sus·
1100 1267 1105 1324 i

360 1365 457 1444 cipere
476 1361 584 1423 debes:
597 1378 663 1420 tuus
682 1358 722 1419 est
740 1359 820 1418 enim
833 1358 941 1421 honos
954 1363 985 1422 in
1003 1359 1048 1421 illo

359 1437 1049 1586 tuti{nutriunturur

361 1625 427 1664 curn
448 1604 560 1684 templo
592 1603 644 1662 illo
674 1597 888 1662 consecratur:
916 1603 973 1664 tibi
995 1603 1049 1664 hat

360 1703 427 1743 rura
443 1682 619 1764 suscipienda
632 1728 642 1756 ,
655 1682 709 1741 tibi
722 1680 783 1741 haec
803 1701 902 1762 opera
916 1682 1049 1746 sumenda

360 1761 423 1837 est,
438 1781 469 1823 ut
480 1761 679 1844 Capitolium,
693 1761 850 1842 quomodo
863 1763 1049 1848 magnificen-

359 1846 416 1905 tiis
439 1842 479 1906 eu
495 1843 674 1916 restitutum,
689 1845 729 1902 sic
747 1843 902 1924 copiosius
921 1863 1050 1910 ornatum

360 1927 420 2000 rit,
442 1925 529 2007 quim
548 1924 622 1999 fuit3
647 1939 680 1984 ut
702 1922 749 1982 ilia
769 1924 895 1987 flamma
921 1927 1052 1992 divinitus

362 2006 495 2070 exstititit
512 2008 665 2081 videatur,
679 2024 740 2064 non
759 2025 825 2086 quae
840 2005 965 2070 deleret
979 2007 1050 2073 lotis

362 2089 480 2172 Optimi
501 2089 623 2149 Maximi
637 2084 803 2225 templum,
820 2083 877 2151 sed
896 2110 967 2173 quae
986 2112 1051 2177 1³¹²·

359 2171 462 2234 clarius
481 2191 529 2229 ma
549 2168 693 2230 nifi'centiu
707 2185 763 2249 que
783 2166 981 2249 deposceret.

402 2270 453 2328 70.
472 2192 584 2309 Audisti
604 2249 648 2329 Q
667 2248 829 2308 Minucium
846 2248 968 2335 Rufum
980 2250 1052 2313 dice·

361 2350 395 2392 re
409 2377 419 2405 ,
436 2331 516 2390 domi
529 2329 583 2389 suae
599 2328 781 2391 deversatum
795 2326 856 2391 ess'e
869 2330 1053 2395 Antiochum

360 2406 1054 2557 uerit.‘retruditurund

363 2572 399 2633 ἀ
423 2573 521 2632 audies
543 2573 625 2631 omni
642 2592 659 2632 e
678 2586 824 2631 conventu
844 2538 1055 2655 Syracusano:

403 2654 412 2712 i
427 2655 468 2712 ita
484 2652 579 2711 dicant
590 2698 600 2726 ,
610 2650 668 2712 sese
685 2649 868 2713 audientibus
881 2698 892 2729 ,
905 2655 985 2717 illud
995 2657 1056 2721 Jovi

397 2736 490 2814 ptimo
518 2731 650 2793 Maximo
676 2733 802 2792 dicatum
833 2732 895 2796 effe
926 2738 969 2799 ab
993 2755 1056 2823 rege

363 2812 534 2888 Antiocho,
554 2814 585 2878 &
604 2812 811 2874 consecratum.
828 2812 861 2875 si
879 2812 982 2896 judex
1003 2838 1057 2881 non

364 2893 459 2969 effes,
479 2896 510 2956 δι
527 2894 589 2956 haec
614 2895 651 2955 ad
669 2910 699 2954 te
724 2893 820 2954 delata
842 2916 891 2958 res
917 2896 1017 2977 ess'et3
1032 2916 1058 2960 te

354 2962 547 3064 'potissimum
568 2975 626 3037 hor
642 2973 799 3059 persequi,
821 2990 855 3041 te
876 2995 1013 3061 petere,
1031 2998 1057 3043 tr
