2550 4175
326 369 445 438 Ῥιιο
473 371 519 439 A.
549 372 782 442 Caeam.
838 391 918 465 429

234 476 264 542 Si
283 499 332 542 me
354 483 466 542 villicus
484 499 550 543 tuus
567 482 644 544 solus
667 483 836 565 dejecill'et:
858 507 920 548 non

233 561 342 621 familia
365 560 531 642 dejecisset,
547 581 580 624 ut
603 566 733 646 opinor,
752 565 802 628 sed
817 567 920 650 aliquit

234 639 272 703 de
292 641 409 703 familia.
431 642 521 705 Recte
539 646 626 727 igitur
650 645 762 707 diceres
787 663 816 708 te
840 647 922 710 testi-

234 722 342 783 tuille?
366 726 485 805 quippe.
514 724 597 804 Quid
622 727 702 785 enim
722 725 830 786 facilius
849 727 921 802 est,

235 804 323 886 quam
340 806 458 885 probati
484 805 539 877 iis,
557 806 608 887 qui
632 804 734 865 Latine
755 803 868 882 sciant,
889 812 920 870 in

235 906 297 944 uno
313 883 429 945 servulo
449 883 563 946 familia
581 905 691 946 nomen
714 906 775 945 non
792 886 890 948 valete
909 887 922 948 ἓ

236 965 350 1026 sivero
364 986 402 1027 ne
415 966 521 1026 habeas
531 967 650 1048 quidem
663 966 778 1027 servum
792 1011 802 1040 ,
817 983 923 1048 praetet

237 1067 326 1119 eum,
344 1048 392 1127 qui
403 1065 452 1106 me
465 1044 604 1124 dejecerit
617 1068 624 1105 :
639 1048 747 1109 clames
762 1048 924 1126 videlicet,

237 1127 269 1187 Si
284 1126 380 1188 habeo
396 1125 556 1199 familiam,
576 1151 594 1188 a
610 1126 719 1189 familia
735 1149 803 1190 mea
825 1129 924 1194 fateor

237 1225 269 1268 te
278 1204 338 1268 elle
347 1205 502 1287 dejeflum.
514 1207 621 1289 Neque
630 1207 821 1283 dubiumell,
833 1214 923 1291 quin,

238 1291 262 1348 si
272 1287 309 1348 ad
319 1308 382 1350 rem
393 1287 579 1369 judicandam
590 1288 683 1349 verbo
699 1287 830 1347 ducimur
840 1334 851 1358 ,
861 1311 923 1349 non

238 1390 270 1429 re
284 1368 441 1443 ,familiam
455 1369 670 1449 intelligamus,
686 1387 751 1448 quae
764 1366 875 1427 constet
887 1389 924 1430 ex

239 1448 328 1516 servis
346 1452 475 1533 pluribus
488 1470 498 1522 ;
511 1453 581 1530 quin
597 1447 797 1520 mathomo,
817 1448 926 1508 familia

240 1553 302 1591 non
329 1534 389 1593 sit:
408 1532 532 1592 verbum
557 1529 657 1603 certe,
674 1528 733 1588 hoc
750 1550 811 1589 non
834 1528 927 1590 modi)

240 1610 365 1703 postulat
374 1658 386 1684 ,
401 1612 451 1673 secl
473 1613 561 1671 etiam
580 1610 669 1692 cogit.
695 1608 738 1669 At
756 1611 830 1672 verb
851 1612 926 1671 ratio

240 1695 310 1772 Juris
321 1738 331 1766 ‚
343 1692 544 1775 interdiclique
562 1693 607 1753 vis
621 1736 631 1765 ‚
646 1691 679 1751 &
696 1708 853 1772 pratorum
866 1713 928 1753 vo·

241 1777 354 1848 luntas,
367 1776 399 1836 &
412 1776 564 1835 hominum
576 1771 763 1854 prudentium
774 1772 928 1834 consilium

244 1857 278 1915 δι
290 1855 465 1927 aullotitas,
481 1854 595 1935 respuat
612 1854 687 1913 ltanc
704 1852 928 1928 defensionem,

244 1938 278 1997 &
318 1958 352 1995 ro
367 1935 457 1995 nihilo
469 1951 561 2016 putet.

286 1957 363 2076 {X
382 2014 466 2096 Quid
483 2022 579 2099 ergo?
601 2011 645 2073 isti
669 2011 802 2071 homines
827 2008 932 2068 Latine

244 2119 307 2160 non
328 2096 514 2176 loquuntur?
539 2099 631 2155 immo
651 2097 725 2155 verb
751 2107 862 2150 tantum
884 2089 932 2148 lo·

286 2195 394 2250 untur,
413 2192 552 2258 quantum
569 2173 610 2236 est
626 2174 689 2233 satis
710 2171 746 2232 ad
763 2169 933 2249 intelligen-

246 2201 316 2319 iim
334 2258 517 2320 voluntatem
537 2276 654 2337 :quum
670 2254 730 2342 sibi¹
744 2251 799 2311 hoc
818 2270 933 2332 propo·

246 2341 374 2414 suerint,
400 2355 452 2412 ut,
476 2338 538 2397 sive
564 2356 613 2395 me
635 2353 666 2394 tu
685 2334 845 2411 dejeceris,
869 2332 933 2389 sive

248 2441 365 2482 tuorum
386 2419 525 2503 quispiam
547 2461 557 2491 ‚
576 2418 642 2477 sive
665 2413 844 2484 servorum,
870 2410 934 2470 sive

249 2504 408 2562 amicorum
423 2547 433 2575 ,
449 2517 481 2561 ut
496 2498 596 2560 servos
609 2515 670 2555 non
692 2498 815 2554 numero
834 2488 936 2550 distin·

250 2597 364 2663 guam,
386 2580 437 2641 sed
468 2579 618 2662 appellent
641 2596 702 2636 uno
729 2573 844 2635 familia
873 2582 973 2643 tto-¹,

251 2679 344 2821 mliii
365 2695 419 2798 De·
432 2737 529 2798 liberis
539 2751 637 2796 autem
655 2731 779 2813 quisquis
789 2728 831 2790 est
843 2624 1067 2873 ‚ff

254 2821 392 2883 curatoris
404 2820 522 2878 nomine
536 2811 717 2893 appelletur:
729 2828 790 2869 non
799 2808 859 2889 qul>
913 2818 915 2823 '

254 2924 307 2967 nes
319 2903 391 2977 sint,
403 2913 451 2962 aut
461 2895 646 2981 appellentur
652 2902 868 2974 procuratorem
