2550 4175
289 387 364 458 292
472 367 530 435 In
563 368 782 435 Vannrrr

287 481 419 564 precarib
436 480 526 550 essent
539 484 682 566 rogandi,
701 483 848 544 tamenab
863 482 906 543 his
917 486 971 546 im·

286 573 448 643 petraretur
462 585 470 622 r
486 564 662 646 reprimebat
678 566 756 625 enim
768 564 821 623 ribi
835 565 866 625 &
877 568 972 648 impe·

193 690 195 694 .
284 642 971 728 randivim,&rogandiconatumptaeclarailla,

283 742 345 784 non
358 725 470 805 populo
488 724 626 786 Romano
640 726 753 787 reddita
769 726 904 800 biremis,
918 725 970 792 sed

283 808 401 886 praetori
410 806 518 867 donata
529 804 655 887 Cybea:
674 826 708 867 ea
719 806 772 867 fuir
785 827 898 867 merces
912 810 971 869 im·

282 888 375 967 perii,
385 886 480 946 auxilii
490 885 591 968 ,juris,
599 885 827 961 consuetudinis,
838 887 967 952 foederis.¹

321 967 371 1027 60.
389 966 511 1027 Habetis
525 969 606 1027 unius
620 968 743 1027 civitatis
757 966 872 1027 firmum
883 971 967 1029 auxi-

282 1045 353 1106 lium
371 1046 500 1110 amissum
514 1091 524 1119 ,
540 1068 573 1107 ac
586 1048 746 1108 ‘venditum
762 1050 858 1130 pretio
868 1071 892 1108 r
910 1072 966 1110 co-

280 1125 411 1207 gnoscite
427 1149 502 1187 nunc
515 1149 625 1189 novam
638 1129 788 1210 praedatrdi
799 1131 964 1207 rationem,

280 1208 318 1266 ab
337 1209 395 1268 hoc
409 1210 534 1289 primum
547 1210 748 1291 excogitatam.

287 1305 290 1323 ¹
322 1287 455 1350 XXIV.
475 1288 630 1371 Sumptum
657 1310 778 1350 omnem
797 1292 826 1349 in
847 1288 964 1352 classem

279 1366 448 1444 frumento,
465 1369 628 1452 stipendio,
643 1370 800 1453 ceterisque
810 1371 896 1431 rebus
911 1394 965 1431 na-

279 1452 390 1512 varcho
415 1451 467 1512 suo
493 1472 614 1534 quaeque
634 1454 736 1513 civitas
762 1450 876 1533 semper
894 1452 963 1514 dare

278 1530 390 1592 solebat
408 1553 416 1590 r
435 1534 457 1591 is
466 1553 564 1614 ,neque
578 1550 610 1593 ut
621 1532 826 1594 accusaretura
845 1535 937 1592 nautis
951 1580 962 1607 ,

278 1613 463 1672 committere
477 1612 601 1685 audebat
611 1634 620 1686 3
632 1612 666 1674 δι
683 1613 793 1673 civibus
806 1611 860 1673 suis
871 1616 963 1674 ratio·

224 1729 226 1736 ν
277 1711 347 1751 nem
363 1690 472 1752 referre
485 1693 612 1753 debebat
628 1713 636 1751 r
654 1696 685 1751 in
699 1694 750 1752 illo
770 1696 850 1752 omni
866 1715 961 1777 nego·

277 1774 341 1844 tio,
358 1794 418 1832 non
430 1773 522 1833 modb
531 1773 632 1834 labore
644 1817 654 1847 ,
666 1772 717 1834 sed
731 1775 818 1835 etiam
829 1775 960 1855 periculo

275 1851 327 1914 suo
343 1852 518 1915 versabatur.
539 1852 608 1915 Erat
623 1853 704 1930 lro'c,
723 1872 757 1915 ut
777 1854 843 1915 dico
856 1855 960 1929 ,sasli-
996 1896 997 1899 =

275 1950 369 2005 tatum
388 1933 526 2018 semper,
543 1933 597 1996 nee
614 1934 753 1996 solbmin
770 1934 886 2011 Sicilia,
908 1936 959 1999 sed

272 2017 452 2079 inomnibus
466 2018 641 2099 provinciis3
657 2019 744 2078 etiam
754 2019 783 2076 in
792 2015 957 2092 sociorum,

273 2098 308 2157 &
327 2097 498 2159 Latinorum
515 2097 657 2179 stipendio
676 2120 709 2158 ac
725 2094 838 2180 sumptu
858 2144 867 2172 ,
893 2116 958 2160 tum

272 2199 363 2259 quum
375 2179 492 2239 illorum
511 2179 619 2239 auxiliis
630 2181 672 2238 uti
684 2178 856 2240 solebamus.
877 2177 958 2239 Ver·

271 2277 319 2318 res
332 2256 396 2339 post
411 2259 565 2338 imperium
579 2257 762 2319 constitutum
777 2261 886 2339 primus
899 2262 957 2319 im·

272 2338 406 2418 peravir,
424 2344 457 2396 ut'
474 2358 510 2398 ea
531 2341 654 2418 pecunia
674 2341 771 2398 omnis
791 2358 808 2396 a
825 2339 955 2397 civitati-

270 2419 325 2476 bus
342 2415 395 2476 sibi
413 2417 670 2490 adnumeraretur3
697 2435 730 2476 ut
755 2419 779 2476 is
797 2417 954 2497 pecuniam

268 2496 422 2569 traslaret,
444 2517 532 2578 quem
546 2497 606 2577 ipse
623 2495 800 2577 praefecisset.
871 2515 873 2521 ·

282 2612 285 2616 2
312 2574 426 2637 aneni
433 2575 530 2656 potest
540 2575 597 2636 elle
606 2575 726 2635 dubium
736 2578 952 2657 ,quamobrem

268 2657 439 2732 &omnium
451 2654 689 2718 consuetudinem
698 2674 829 2718 veterem
840 2660 950 2740 primus

265 2739 421 2798 immutaris
436 2784 446 2811 ,
464 2738 497 2801 &
510 2754 623 2798 ‘tantam
635 2739 789 2813 utilitatem
803 2759 854 2820 per
876 2741 949 2800 alios

266 2818 418 2881 traslandae
433 2822 562 2901 pecuniae
581 2819 764 2902 neglexeris,
787 2821 820 2880 &
837 2837 947 2882 tantam

264 2899 462 2972 difficultatem
472 2922 539 2968 eum
552 2903 671 2966 cnmitte
681 2945 694 2977 ,
706 2900 869 2966 molestiam
880 2923 952 2966 cunr
