<?xml version="1.0" encoding="UTF-8"?>
<!DOCTYPE html PUBLIC "-//W3C//DTD XHTML 1.0 Transitional//EN"
    "http://www.w3.org/TR/xhtml1/DTD/xhtml1-transitional.dtd">
<html xmlns="http://www.w3.org/1999/xhtml" xml:lang="en" lang="en">
 <head>
  <title>
</title>
<meta http-equiv="Content-Type" content="text/html;charset=utf-8" />
  <meta name='ocr-system' content='tesseract 3.04.00' />
  <meta name='ocr-capabilities' content='ocr_page ocr_carea ocr_par ocr_line ocrx_word'/>
</head>
<body>
  <div class='ocr_page' id='page_1' title='image "./mtulliiciceroni05lallgoog_0300.png"; bbox 0 0 2550 4175; ppageno 0'>
   <div class='ocr_carea' id='block_1_1' title="bbox 347 398 872 489">
    <p class='ocr_par' dir='ltr' id='par_1_1' title="bbox 347 398 872 489">
     <span class='ocr_line' id='line_1_1' title="bbox 347 398 872 489; baseline -0.011 -18"><span class='ocrx_word' id='word_1_1' title='bbox 347 398 423 489; x_wconf 79' lang='lat'>296</span> <span class='ocrx_word' id='word_1_2' title='bbox 529 399 592 466; x_wconf 77' lang='grc' dir='ltr'>ΙΝ</span> <span class='ocrx_word' id='word_1_3' title='bbox 628 402 872 465; x_wconf 73' lang='lat' dir='ltr'><em>VERREM</em></span> 
     </span>
    </p>
   </div>
   <div class='ocr_carea' id='block_1_2' title="bbox 343 511 1041 3020">
    <p class='ocr_par' dir='ltr' id='par_1_2' title="bbox 343 511 1032 654">
     <span class='ocr_line' id='line_1_2' title="bbox 344 511 1032 593; baseline 0 -20"><span class='ocrx_word' id='word_1_4' title='bbox 344 534 382 593; x_wconf 88' lang='lat' dir='ltr'>pe</span> <span class='ocrx_word' id='word_1_5' title='bbox 401 512 558 587; x_wconf 86' lang='lat' dir='ltr'>metueris,</span> <span class='ocrx_word' id='word_1_6' title='bbox 572 532 624 574; x_wconf 87' lang='lat' dir='ltr'>eos</span> <span class='ocrx_word' id='word_1_7' title='bbox 635 529 665 573; x_wconf 92' lang='lat' dir='ltr'>te</span> <span class='ocrx_word' id='word_1_8' title='bbox 681 512 795 574; x_wconf 73' lang='lat' dir='ltr'>vindos</span> <span class='ocrx_word' id='word_1_9' title='bbox 809 512 847 572; x_wconf 88' lang='lat' dir='ltr'>ad</span> <span class='ocrx_word' id='word_1_10' title='bbox 859 511 1032 593; x_wconf 89' lang='lat' dir='ltr'>supplicium</span> 
     </span>
     <span class='ocr_line' id='line_1_3' title="bbox 343 592 753 654; baseline 0.005 -2"><span class='ocrx_word' id='word_1_11' title='bbox 343 592 411 652; x_wconf 87' lang='lat' dir='ltr'>duci</span> <span class='ocrx_word' id='word_1_12' title='bbox 422 592 533 654; x_wconf 89' lang='lat' dir='ltr'>videre.</span> <span class='ocrx_word' id='word_1_13' title='bbox 750 649 753 654; x_wconf 91' lang='lat'>.</span> 
     </span>
    </p>

    <p class='ocr_par' dir='ltr' id='par_1_3' title="bbox 346 670 1034 1860">
     <span class='ocr_line' id='line_1_4' title="bbox 361 670 1034 756; baseline -0.001 -25"><span class='ocrx_word' id='word_1_14' title='bbox 361 709 366 724; x_wconf 82' lang='lat'><strong>·</strong></span> <span class='ocrx_word' id='word_1_15' title='bbox 385 672 521 747; x_wconf 80' lang='lat' dir='ltr'>67.}10c</span> <span class='ocrx_word' id='word_1_16' title='bbox 543 690 575 734; x_wconf 81' lang='lat' dir='ltr'>tu</span> <span class='ocrx_word' id='word_1_17' title='bbox 599 672 790 756; x_wconf 86' lang='lat' dir='ltr'>quamobrem</span> <span class='ocrx_word' id='word_1_18' title='bbox 818 692 879 733; x_wconf 89' lang='lat' dir='ltr'>non</span> <span class='ocrx_word' id='word_1_19' title='bbox 906 670 1034 733; x_wconf 69' lang='lat' dir='ltr'>fecisti?</span> 
     </span>
     <span class='ocr_line' id='line_1_5' title="bbox 347 752 1033 835; baseline 0.003 -23"><span class='ocrx_word' id='word_1_20' title='bbox 347 753 539 832; x_wconf 85' lang='lat' dir='ltr'>quamobrem</span> <span class='ocrx_word' id='word_1_21' title='bbox 568 756 609 813; x_wconf 89' lang='lat' dir='ltr'>ita</span> <span class='ocrx_word' id='word_1_22' title='bbox 632 752 684 816; x_wconf 83' lang='lat' dir='ltr'>iste</span> <span class='ocrx_word' id='word_1_23' title='bbox 712 757 805 835; x_wconf 82' lang='lat' dir='ltr'>pirata</span> <span class='ocrx_word' id='word_1_24' title='bbox 829 753 937 814; x_wconf 85' lang='lat' dir='ltr'>celatus</span> <span class='ocrx_word' id='word_1_25' title='bbox 965 752 1033 824; x_wconf 80' lang='lat' dir='ltr'>est„</span> 
     </span>
     <span class='ocr_line' id='line_1_6' title="bbox 346 832 1031 916; baseline 0.004 -25"><span class='ocrx_word' id='word_1_26' title='bbox 346 836 428 913; x_wconf 85' lang='lat' dir='ltr'>quasi</span> <span class='ocrx_word' id='word_1_27' title='bbox 445 854 513 893; x_wconf 91' lang='lat' dir='ltr'>eum</span> <span class='ocrx_word' id='word_1_28' title='bbox 532 833 678 915; x_wconf 84' lang='lat' dir='ltr'>adspicere</span> <span class='ocrx_word' id='word_1_29' title='bbox 704 834 786 895; x_wconf 86' lang='lat' dir='ltr'>nefas</span> <span class='ocrx_word' id='word_1_30' title='bbox 807 832 903 895; x_wconf 81' lang='lat' dir='ltr'>ellet?</span> <span class='ocrx_word' id='word_1_31' title='bbox 925 856 1031 916; x_wconf 88' lang='lat' dir='ltr'>quam-</span> 
     </span>
     <span class='ocr_line' id='line_1_7' title="bbox 347 912 1034 995; baseline 0.006 -24"><span class='ocrx_word' id='word_1_32' title='bbox 347 913 451 975; x_wconf 87' lang='lat' dir='ltr'>ohrem</span> <span class='ocrx_word' id='word_1_33' title='bbox 470 912 639 994; x_wconf 86' lang='lat' dir='ltr'>supplicium</span> <span class='ocrx_word' id='word_1_34' title='bbox 667 934 727 974; x_wconf 90' lang='lat' dir='ltr'>non</span> <span class='ocrx_word' id='word_1_35' title='bbox 753 912 915 994; x_wconf 86' lang='lat' dir='ltr'>sumpsisti?</span> <span class='ocrx_word' id='word_1_36' title='bbox 943 936 1034 995; x_wconf 88' lang='lat' dir='ltr'>quam</span> 
     </span>
     <span class='ocr_line' id='line_1_8' title="bbox 347 992 1033 1074; baseline 0.004 -21"><span class='ocrx_word' id='word_1_37' title='bbox 347 993 390 1053; x_wconf 85' lang='lat' dir='ltr'>ol&gt;</span> <span class='ocrx_word' id='word_1_38' title='bbox 408 992 518 1054; x_wconf 88' lang='lat' dir='ltr'>causam</span> <span class='ocrx_word' id='word_1_39' title='bbox 537 994 688 1054; x_wconf 83' lang='lat' dir='ltr'>hominem</span> <span class='ocrx_word' id='word_1_40' title='bbox 706 993 881 1056; x_wconf 78' lang='lat' dir='ltr'>reservasti?</span> <span class='ocrx_word' id='word_1_41' title='bbox 904 1015 1033 1074; x_wconf 89' lang='lat' dir='ltr'>ecquem</span> 
     </span>
     <span class='ocr_line' id='line_1_9' title="bbox 348 1071 1034 1157; baseline 0.006 -25"><span class='ocrx_word' id='word_1_42' title='bbox 348 1073 449 1142; x_wconf 81' lang='lat' dir='ltr'>audisti</span> <span class='ocrx_word' id='word_1_43' title='bbox 467 1077 497 1133; x_wconf 92' lang='lat' dir='ltr'>in</span> <span class='ocrx_word' id='word_1_44' title='bbox 516 1071 608 1134; x_wconf 85' lang='lat' dir='ltr'>Sicilia</span> <span class='ocrx_word' id='word_1_45' title='bbox 630 1091 715 1137; x_wconf 88' lang='lat' dir='ltr'>antea</span> <span class='ocrx_word' id='word_1_46' title='bbox 742 1093 857 1156; x_wconf 91' lang='lat' dir='ltr'>captum</span> <span class='ocrx_word' id='word_1_47' title='bbox 877 1076 1034 1157; x_wconf 89' lang='lat' dir='ltr'>archipira-</span> 
     </span>
     <span class='ocr_line' id='line_1_10' title="bbox 347 1154 1032 1235; baseline 0.006 -22"><span class='ocrx_word' id='word_1_48' title='bbox 347 1170 431 1227; x_wconf 83' lang='lat' dir='ltr'>tam,</span> <span class='ocrx_word' id='word_1_49' title='bbox 447 1156 495 1235; x_wconf 90' lang='lat' dir='ltr'>qui</span> <span class='ocrx_word' id='word_1_50' title='bbox 512 1173 572 1214; x_wconf 92' lang='lat' dir='ltr'>non</span> <span class='ocrx_word' id='word_1_51' title='bbox 590 1154 680 1215; x_wconf 74' lang='lat' dir='ltr'>securi</span> <span class='ocrx_word' id='word_1_52' title='bbox 699 1154 843 1235; x_wconf 66' lang='lat' dir='ltr'>perculsus</span> <span class='ocrx_word' id='word_1_53' title='bbox 863 1154 921 1215; x_wconf 86' lang='lat' dir='ltr'>sit?</span> <span class='ocrx_word' id='word_1_54' title='bbox 940 1178 1032 1217; x_wconf 92' lang='lat' dir='ltr'>unum</span> 
     </span>
     <span class='ocr_line' id='line_1_11' title="bbox 347 1233 1033 1317; baseline 0.006 -23"><span class='ocrx_word' id='word_1_55' title='bbox 347 1233 423 1296; x_wconf 85' lang='lat' dir='ltr'>cedo</span> <span class='ocrx_word' id='word_1_56' title='bbox 432 1233 578 1295; x_wconf 71' lang='lat' dir='ltr'>audlorem</span> <span class='ocrx_word' id='word_1_57' title='bbox 587 1237 628 1297; x_wconf 86' lang='lat' dir='ltr'>rui</span> <span class='ocrx_word' id='word_1_58' title='bbox 638 1234 813 1296; x_wconf 75' lang='lat' dir='ltr'>fadizunius</span> <span class='ocrx_word' id='word_1_59' title='bbox 821 1235 922 1317; x_wconf 86' lang='lat' dir='ltr'>profer</span> <span class='ocrx_word' id='word_1_60' title='bbox 931 1256 1033 1298; x_wconf 86' lang='lat' dir='ltr'>exem·</span> 
     </span>
     <span class='ocr_line' id='line_1_12' title="bbox 347 1314 1033 1397; baseline 0.003 -22"><span class='ocrx_word' id='word_1_61' title='bbox 347 1315 441 1397; x_wconf 86' lang='lat' dir='ltr'>plum.</span> <span class='ocrx_word' id='word_1_62' title='bbox 465 1314 578 1377; x_wconf 87' lang='lat' dir='ltr'>Vivum</span> <span class='ocrx_word' id='word_1_63' title='bbox 603 1333 633 1376; x_wconf 92' lang='lat' dir='ltr'>tu</span> <span class='ocrx_word' id='word_1_64' title='bbox 656 1316 855 1397; x_wconf 80' lang='lat' dir='ltr'>archipiratam</span> <span class='ocrx_word' id='word_1_65' title='bbox 873 1315 1033 1392; x_wconf 83' lang='lat' dir='ltr'>servabas,</span> 
     </span>
     <span class='ocr_line' id='line_1_13' title="bbox 348 1396 1033 1478; baseline 0.004 -22"><span class='ocrx_word' id='word_1_66' title='bbox 348 1416 437 1478; x_wconf 87' lang='lat' dir='ltr'>quem</span> <span class='ocrx_word' id='word_1_67' title='bbox 454 1417 506 1478; x_wconf 86' lang='lat' dir='ltr'>per</span> <span class='ocrx_word' id='word_1_68' title='bbox 519 1396 694 1478; x_wconf 86' lang='lat' dir='ltr'>triumphum</span> <span class='ocrx_word' id='word_1_69' title='bbox 709 1443 718 1472; x_wconf 92' lang='lat'><strong><em>‚</em></strong></span> <span class='ocrx_word' id='word_1_70' title='bbox 735 1398 824 1458; x_wconf 85' lang='lat' dir='ltr'>credo</span> <span class='ocrx_word' id='word_1_71' title='bbox 835 1443 847 1472; x_wconf 86' lang='lat'>,</span> <span class='ocrx_word' id='word_1_72' title='bbox 858 1418 949 1478; x_wconf 90' lang='lat' dir='ltr'>quem</span> <span class='ocrx_word' id='word_1_73' title='bbox 962 1416 1033 1459; x_wconf 86' lang='lat' dir='ltr'>ante</span> 
     </span>
     <span class='ocr_line' id='line_1_14' title="bbox 349 1476 1033 1561; baseline 0.003 -25"><span class='ocrx_word' id='word_1_74' title='bbox 349 1498 465 1550; x_wconf 81' lang='lat' dir='ltr'>currum</span> <span class='ocrx_word' id='word_1_75' title='bbox 482 1495 564 1538; x_wconf 87' lang='lat' dir='ltr'>tuum</span> <span class='ocrx_word' id='word_1_76' title='bbox 578 1478 708 1540; x_wconf 80' lang='lat' dir='ltr'>duceres.</span> <span class='ocrx_word' id='word_1_77' title='bbox 733 1476 838 1561; x_wconf 80' lang='lat' dir='ltr'>Neque</span> <span class='ocrx_word' id='word_1_78' title='bbox 855 1480 933 1540; x_wconf 90' lang='lat' dir='ltr'>enim</span> <span class='ocrx_word' id='word_1_79' title='bbox 948 1478 1033 1560; x_wconf 89' lang='lat' dir='ltr'>quid-</span> 
     </span>
     <span class='ocr_line' id='line_1_15' title="bbox 349 1556 1033 1640; baseline 0.004 -23"><span class='ocrx_word' id='word_1_80' title='bbox 349 1579 436 1640; x_wconf 84' lang='lat' dir='ltr'>quam</span> <span class='ocrx_word' id='word_1_81' title='bbox 461 1576 522 1620; x_wconf 86' lang='lat' dir='ltr'>erat</span> <span class='ocrx_word' id='word_1_82' title='bbox 538 1556 601 1636; x_wconf 81' lang='lat' dir='ltr'>jam</span> <span class='ocrx_word' id='word_1_83' title='bbox 622 1560 673 1621; x_wconf 86' lang='lat' dir='ltr'>rel&#39;</span> <span class='ocrx_word' id='word_1_84' title='bbox 696 1580 784 1632; x_wconf 89' lang='lat' dir='ltr'>uum,</span> <span class='ocrx_word' id='word_1_85' title='bbox 801 1559 855 1619; x_wconf 90' lang='lat' dir='ltr'>nisi</span> <span class='ocrx_word' id='word_1_86' title='bbox 871 1575 924 1632; x_wconf 84' lang='lat' dir='ltr'>ut,</span> <span class='ocrx_word' id='word_1_87' title='bbox 947 1558 1033 1620; x_wconf 74' lang='lat' dir='ltr'>classe</span> 
     </span>
     <span class='ocr_line' id='line_1_16' title="bbox 348 1638 1032 1721; baseline 0.003 -23"><span class='ocrx_word' id='word_1_88' title='bbox 348 1639 452 1720; x_wconf 86' lang='lat' dir='ltr'>populi</span> <span class='ocrx_word' id='word_1_89' title='bbox 471 1638 598 1699; x_wconf 87' lang='lat' dir='ltr'>Romani</span> <span class='ocrx_word' id='word_1_90' title='bbox 614 1640 682 1720; x_wconf 89' lang='lat' dir='ltr'>pulc</span> <span class='ocrx_word' id='word_1_91' title='bbox 704 1639 807 1699; x_wconf 66' lang='lat' dir='ltr'>enimi</span> <span class='ocrx_word' id='word_1_92' title='bbox 820 1640 922 1699; x_wconf 66' lang='lat' dir='ltr'>amissi</span> <span class='ocrx_word' id='word_1_93' title='bbox 934 1684 944 1710; x_wconf 91' lang='lat'>‚</span> <span class='ocrx_word' id='word_1_94' title='bbox 957 1662 1032 1721; x_wconf 90' lang='lat' dir='ltr'>pro·</span> 
     </span>
     <span class='ocr_line' id='line_1_17' title="bbox 349 1718 1033 1802; baseline 0.006 -25"><span class='ocrx_word' id='word_1_95' title='bbox 349 1718 502 1799; x_wconf 65' lang='lat' dir='ltr'>vincirique</span> <span class='ocrx_word' id='word_1_96' title='bbox 521 1719 665 1793; x_wconf 61' lang='lat' dir='ltr'>lacerath,</span> <span class='ocrx_word' id='word_1_97' title='bbox 681 1719 839 1802; x_wconf 84' lang='lat' dir='ltr'>triumphus</span> <span class='ocrx_word' id='word_1_98' title='bbox 854 1720 963 1782; x_wconf 88' lang='lat' dir='ltr'>navalis</span> <span class='ocrx_word' id='word_1_99' title='bbox 979 1723 1033 1781; x_wconf 88' lang='lat' dir='ltr'>tibi</span> 
     </span>
     <span class='ocr_line' id='line_1_18' title="bbox 348 1798 564 1860; baseline -0.009 0"><span class='ocrx_word' id='word_1_100' title='bbox 348 1798 564 1860; x_wconf 78' lang='lat' dir='ltr'>decerneretur.</span> 
     </span>
    </p>

    <p class='ocr_par' dir='ltr' id='par_1_4' title="bbox 350 1877 1041 3020">
     <span class='ocr_line' id='line_1_19' title="bbox 361 1877 1035 1962; baseline 0.006 -24"><span class='ocrx_word' id='word_1_101' title='bbox 361 1878 547 1941; x_wconf 52' lang='lat' dir='ltr'>axxvll.</span> <span class='ocrx_word' id='word_1_102' title='bbox 567 1877 635 1962; x_wconf 85' lang='lat' dir='ltr'>Age</span> <span class='ocrx_word' id='word_1_103' title='bbox 653 1881 763 1961; x_wconf 80' lang='lat' dir='ltr'>porrb,</span> <span class='ocrx_word' id='word_1_104' title='bbox 781 1878 915 1942; x_wconf 79' lang='lat' dir='ltr'>custodiri</span> <span class='ocrx_word' id='word_1_105' title='bbox 925 1881 1035 1944; x_wconf 91' lang='lat' dir='ltr'>ducem</span> 
     </span>
     <span class='ocr_line' id='line_1_20' title="bbox 350 1960 1033 2046; baseline 0.004 -26"><span class='ocrx_word' id='word_1_106' title='bbox 350 1960 523 2046; x_wconf 69' lang='lat' dir='ltr'>predonum</span> <span class='ocrx_word' id='word_1_107' title='bbox 542 1982 624 2025; x_wconf 85' lang='lat' dir='ltr'>novo</span> <span class='ocrx_word' id='word_1_108' title='bbox 641 1982 726 2024; x_wconf 87' lang='lat' dir='ltr'>more</span> <span class='ocrx_word' id='word_1_109' title='bbox 740 2006 751 2037; x_wconf 81' lang='grc'><strong>,</strong></span> <span class='ocrx_word' id='word_1_110' title='bbox 772 1962 860 2045; x_wconf 71' lang='lat' dir='ltr'>quim</span> <span class='ocrx_word' id='word_1_111' title='bbox 876 1961 968 2024; x_wconf 87' lang='lat' dir='ltr'>securi</span> <span class='ocrx_word' id='word_1_112' title='bbox 985 1963 1033 2023; x_wconf 89' lang='lat' dir='ltr'>fe·</span> 
     </span>
     <span class='ocr_line' id='line_1_21' title="bbox 350 2042 1041 2129; baseline -0.001 -25"><span class='ocrx_word' id='word_1_113' title='bbox 350 2044 399 2105; x_wconf 85' lang='lat' dir='ltr'>riri</span> <span class='ocrx_word' id='word_1_114' title='bbox 412 2042 542 2117; x_wconf 78' lang='lat' dir='ltr'>omnium</span> <span class='ocrx_word' id='word_1_115' title='bbox 553 2043 712 2126; x_wconf 83' lang='lat' dir='ltr'>exemplo,</span> <span class='ocrx_word' id='word_1_116' title='bbox 727 2046 819 2129; x_wconf 83' lang='lat' dir='ltr'>magis</span> <span class='ocrx_word' id='word_1_117' title='bbox 828 2045 936 2128; x_wconf 85' lang='lat' dir='ltr'>placuit</span> <span class='ocrx_word' id='word_1_118' title='bbox 947 2065 955 2104; x_wconf 91' lang='lat'><strong>:</strong></span> <span class='ocrx_word' id='word_1_119' title='bbox 968 2065 1041 2125; x_wconf 86' lang='lat' dir='ltr'>quae-</span> 
     </span>
     <span class='ocr_line' id='line_1_22' title="bbox 350 2124 1034 2208; baseline -0.006 -22"><span class='ocrx_word' id='word_1_120' title='bbox 350 2124 415 2188; x_wconf 80' lang='lat' dir='ltr'>sunt</span> <span class='ocrx_word' id='word_1_121' title='bbox 431 2126 489 2187; x_wconf 78' lang='lat' dir='ltr'>istae</span> <span class='ocrx_word' id='word_1_122' title='bbox 504 2124 665 2189; x_wconf 71' lang='lat' dir='ltr'>custodia?</span> <span class='ocrx_word' id='word_1_123' title='bbox 687 2124 765 2187; x_wconf 79' lang='lat' dir='ltr'>a&#39;ud</span> <span class='ocrx_word' id='word_1_124' title='bbox 784 2148 858 2208; x_wconf 89' lang='lat' dir='ltr'>quos</span> <span class='ocrx_word' id='word_1_125' title='bbox 876 2125 1034 2186; x_wconf 80' lang='lat' dir='ltr'>homines?</span> 
     </span>
     <span class='ocr_line' id='line_1_23' title="bbox 373 2203 1032 2269; baseline -0.015 -1"><span class='ocrx_word' id='word_1_126' title='bbox 373 2208 601 2269; x_wconf 75' lang='lat' dir='ltr'>uemadtnodum</span> <span class='ocrx_word' id='word_1_127' title='bbox 617 2203 659 2267; x_wconf 84' lang='lat' dir='ltr'>est</span> <span class='ocrx_word' id='word_1_128' title='bbox 707 2222 821 2268; x_wconf 74' lang='lat' dir='ltr'>erratus</span> <span class='ocrx_word' id='word_1_129' title='bbox 838 2205 849 2266; x_wconf 76' lang='grc' dir='ltr'><strong><em>ἓ</em></strong></span> <span class='ocrx_word' id='word_1_130' title='bbox 866 2205 1032 2265; x_wconf 88' lang='lat' dir='ltr'>Lautumias</span> 
     </span>
     <span class='ocr_line' id='line_1_24' title="bbox 351 2228 1035 2369; baseline -0.019 -16"><span class='ocrx_word' id='word_1_131' title='bbox 351 2228 543 2369; x_wconf 54' lang='lat' dir='ltr'>gyracusanas</span> <span class='ocrx_word' id='word_1_132' title='bbox 555 2306 659 2349; x_wconf 88' lang='lat' dir='ltr'>omnes</span> <span class='ocrx_word' id='word_1_133' title='bbox 672 2285 785 2346; x_wconf 78' lang='lat' dir='ltr'>audistis</span> <span class='ocrx_word' id='word_1_134' title='bbox 798 2307 808 2357; x_wconf 90' lang='lat'>;</span> <span class='ocrx_word' id='word_1_135' title='bbox 824 2284 954 2365; x_wconf 87' lang='lat' dir='ltr'>plerique</span> <span class='ocrx_word' id='word_1_136' title='bbox 964 2280 1035 2341; x_wconf 91' lang='lat' dir='ltr'>nos-</span> 
     </span>
     <span class='ocr_line' id='line_1_25' title="bbox 350 2363 1032 2449; baseline -0.018 -18"><span class='ocrx_word' id='word_1_137' title='bbox 350 2369 387 2431; x_wconf 81' lang='lat' dir='ltr'>ris</span> <span class='ocrx_word' id='word_1_138' title='bbox 402 2388 495 2449; x_wconf 65' lang='lat' dir='ltr'>copus</span> <span class='ocrx_word' id='word_1_139' title='bbox 507 2365 547 2429; x_wconf 86' lang='lat' dir='ltr'>est</span> <span class='ocrx_word' id='word_1_140' title='bbox 556 2369 659 2449; x_wconf 86' lang='lat' dir='ltr'>ingens</span> <span class='ocrx_word' id='word_1_141' title='bbox 671 2409 682 2439; x_wconf 87' lang='lat'><strong>,</strong></span> <span class='ocrx_word' id='word_1_142' title='bbox 694 2363 896 2445; x_wconf 84' lang='lat' dir='ltr'>magnificum,</span> <span class='ocrx_word' id='word_1_143' title='bbox 909 2382 1032 2443; x_wconf 83' lang='lat' dir='ltr'>regum,</span> 
     </span>
     <span class='ocr_line' id='line_1_26' title="bbox 353 2442 1035 2509; baseline -0.012 0"><span class='ocrx_word' id='word_1_144' title='bbox 353 2468 387 2509; x_wconf 90' lang='lat' dir='ltr'>ac</span> <span class='ocrx_word' id='word_1_145' title='bbox 403 2464 415 2507; x_wconf 91' lang='lat' dir='ltr'>t</span> <span class='ocrx_word' id='word_1_146' title='bbox 438 2468 592 2508; x_wconf 77' lang='lat' dir='ltr'>munorum</span> <span class='ocrx_word' id='word_1_147' title='bbox 609 2463 726 2506; x_wconf 87' lang='lat' dir='ltr'>:totum</span> <span class='ocrx_word' id='word_1_148' title='bbox 743 2442 784 2505; x_wconf 90' lang='lat' dir='ltr'>est</span> <span class='ocrx_word' id='word_1_149' title='bbox 800 2465 836 2504; x_wconf 83' lang='lat' dir='ltr'>ex</span> <span class='ocrx_word' id='word_1_150' title='bbox 849 2442 916 2503; x_wconf 84' lang='lat' dir='ltr'>saxo</span> <span class='ocrx_word' id='word_1_151' title='bbox 930 2444 959 2500; x_wconf 94' lang='lat' dir='ltr'>in</span> <span class='ocrx_word' id='word_1_152' title='bbox 973 2445 1035 2502; x_wconf 90' lang='lat' dir='ltr'>mi-</span> 
     </span>
     <span class='ocr_line' id='line_1_27' title="bbox 351 2469 1034 2603; baseline -0.007 -16"><span class='ocrx_word' id='word_1_153' title='bbox 351 2469 472 2599; x_wconf 71' lang='lat' dir='ltr'>randam</span> <span class='ocrx_word' id='word_1_154' title='bbox 490 2527 671 2593; x_wconf 83' lang='lat' dir='ltr'>altitudinem</span> <span class='ocrx_word' id='word_1_155' title='bbox 689 2521 846 2603; x_wconf 74' lang='lat' dir='ltr'>depresso,</span> <span class='ocrx_word' id='word_1_156' title='bbox 867 2523 899 2582; x_wconf 69' lang='grc' dir='ltr'>ὃ(</span> <span class='ocrx_word' id='word_1_157' title='bbox 919 2522 1034 2583; x_wconf 89' lang='lat' dir='ltr'>multo-</span> 
     </span>
     <span class='ocr_line' id='line_1_28' title="bbox 352 2602 1034 2688; baseline -0.009 -20"><span class='ocrx_word' id='word_1_158' title='bbox 352 2628 418 2679; x_wconf 66' lang='lat' dir='ltr'>rum</span> <span class='ocrx_word' id='word_1_159' title='bbox 434 2628 454 2667; x_wconf 89' lang='lat' dir='ltr'>o</span> <span class='ocrx_word' id='word_1_160' title='bbox 476 2610 531 2666; x_wconf 84' lang='lat' dir='ltr'>eris</span> <span class='ocrx_word' id='word_1_161' title='bbox 540 2607 655 2688; x_wconf 85' lang='lat' dir='ltr'>penitus</span> <span class='ocrx_word' id='word_1_162' title='bbox 670 2602 766 2665; x_wconf 83' lang='lat' dir='ltr'>exciso</span> <span class='ocrx_word' id='word_1_163' title='bbox 776 2625 786 2665; x_wconf 76' lang='lat' dir='ltr'>r</span> <span class='ocrx_word' id='word_1_164' title='bbox 797 2604 868 2667; x_wconf 85' lang='lat' dir='ltr'>nihil</span> <span class='ocrx_word' id='word_1_165' title='bbox 883 2620 943 2664; x_wconf 87' lang='lat' dir='ltr'>tam</span> <span class='ocrx_word' id='word_1_166' title='bbox 953 2602 1034 2663; x_wconf 88' lang='lat' dir='ltr'>clau-</span> 
     </span>
     <span class='ocr_line' id='line_1_29' title="bbox 353 2628 1033 2766; baseline -0.007 -17"><span class='ocrx_word' id='word_1_167' title='bbox 353 2687 415 2749; x_wconf 78' lang='lat' dir='ltr'>sum</span> <span class='ocrx_word' id='word_1_168' title='bbox 428 2628 474 2747; x_wconf 82' lang='lat' dir='ltr'>ad</span> <span class='ocrx_word' id='word_1_169' title='bbox 480 2687 589 2763; x_wconf 79' lang='lat' dir='ltr'>exitus,</span> <span class='ocrx_word' id='word_1_170' title='bbox 606 2684 677 2745; x_wconf 88' lang='lat' dir='ltr'>nihil</span> <span class='ocrx_word' id='word_1_171' title='bbox 687 2702 748 2745; x_wconf 84' lang='lat' dir='ltr'>tarn</span> <span class='ocrx_word' id='word_1_172' title='bbox 761 2683 875 2766; x_wconf 88' lang='lat' dir='ltr'>septum</span> <span class='ocrx_word' id='word_1_173' title='bbox 888 2684 1033 2764; x_wconf 88' lang='lat' dir='ltr'>undique,</span> 
     </span>
     <span class='ocr_line' id='line_1_30' title="bbox 352 2763 1034 2840; baseline -0.015 -7"><span class='ocrx_word' id='word_1_174' title='bbox 352 2767 423 2833; x_wconf 71' lang='lat' dir='ltr'>nihil</span> <span class='ocrx_word' id='word_1_175' title='bbox 440 2783 501 2837; x_wconf 84' lang='lat' dir='ltr'>tam</span> <span class='ocrx_word' id='word_1_176' title='bbox 521 2776 616 2829; x_wconf 85' lang='lat' dir='ltr'>tutum</span> <span class='ocrx_word' id='word_1_177' title='bbox 635 2765 673 2832; x_wconf 83' lang='lat' dir='ltr'>ad</span> <span class='ocrx_word' id='word_1_178' title='bbox 692 2763 859 2840; x_wconf 85' lang='lat' dir='ltr'>custodias,</span> <span class='ocrx_word' id='word_1_179' title='bbox 875 2785 931 2825; x_wconf 88' lang='lat' dir='ltr'>nec</span> <span class='ocrx_word' id='word_1_180' title='bbox 949 2763 1034 2836; x_wconf 85' lang='lat' dir='ltr'>fieri,</span> 
     </span>
     <span class='ocr_line' id='line_1_31' title="bbox 354 2844 1035 2932; baseline -0.013 -20"><span class='ocrx_word' id='word_1_181' title='bbox 354 2868 443 2911; x_wconf 80' lang='lat' dir='ltr'>nece</span> <span class='ocrx_word' id='word_1_182' title='bbox 486 2852 550 2911; x_wconf 86' lang='lat' dir='ltr'>itari</span> <span class='ocrx_word' id='word_1_183' title='bbox 566 2845 672 2932; x_wconf 77' lang='lat' dir='ltr'>potest.</span> <span class='ocrx_word' id='word_1_184' title='bbox 693 2844 727 2908; x_wconf 92' lang='lat' dir='ltr'>ln</span> <span class='ocrx_word' id='word_1_185' title='bbox 747 2848 799 2908; x_wconf 89' lang='lat' dir='ltr'>has</span> <span class='ocrx_word' id='word_1_186' title='bbox 814 2847 990 2919; x_wconf 86' lang='lat' dir='ltr'>lautumias,</span> <span class='ocrx_word' id='word_1_187' title='bbox 1010 2849 1035 2904; x_wconf 88' lang='lat' dir='ltr'>si</span> 
     </span>
     <span class='ocr_line' id='line_1_32' title="bbox 355 2870 1035 3020; baseline -0.012 -25"><span class='ocrx_word' id='word_1_188' title='bbox 355 2933 403 3020; x_wconf 84' lang='lat' dir='ltr'>qui</span> <span class='ocrx_word' id='word_1_189' title='bbox 423 2870 538 3017; x_wconf 59' lang='lat' dir='ltr'>pudlice</span> <span class='ocrx_word' id='word_1_190' title='bbox 566 2927 747 2995; x_wconf 78' lang='lat' dir='ltr'>custodiendi</span> <span class='ocrx_word' id='word_1_191' title='bbox 777 2929 866 3005; x_wconf 86' lang='lat' dir='ltr'>sunt,</span> <span class='ocrx_word' id='word_1_192' title='bbox 890 2928 977 2991; x_wconf 83' lang='lat' dir='ltr'>eriam</span> <span class='ocrx_word' id='word_1_193' title='bbox 997 2945 1035 2988; x_wconf 84' lang='lat' dir='ltr'>ex</span> 
     </span>
    </p>
   </div>
   <div class='ocr_carea' id='block_1_3' title="bbox 0 0 1290 4175">
    <p class='ocr_par' dir='ltr' id='par_1_5' title="bbox 0 0 1290 4175">
     <span class='ocr_line' id='line_1_33' title="bbox 0 0 1290 4175; baseline 0 0"><span class='ocrx_word' id='word_1_194' title='bbox 0 0 1290 4175; x_wconf 95' lang='lat' dir='ltr'> </span> 
     </span>
    </p>
   </div>
  </div>
 </body>
</html>
