2550 4175
396 399 647 468 Acrronrs
668 400 717 468 ΙΙ.
743 400 779 469 L.
807 405 848 471 V.
900 417 977 497 305

297 510 365 574 faui
391 511 480 586 sunt,
501 514 565 574 toti
587 511 682 573 Sicilia
708 515 953 594 percelebrantur.

338 591 388 653 82.
408 591 521 655 Erat&
536 593 631 667 Nice,
645 593 718 655 facie
729 597 832 656 eximii
843 642 853 670 ,
865 614 896 657 ut
927 620 980 659 τε·

296 671 507 747 dicatur,uxot
520 673 691 736 Cleomenis
704 674 891 756 Syracusani:
940 700 981 739 nc

297 753 481 818 Cleomenes
497 759 541 816 vir
557 755 693 815 amabat:
707 775 908 818 verumtamen
923 759 980 819 hu·

296 834 341 916 jus
358 835 469 896 librdrm
487 835 629 898 adversari
640 856 696 896 nec
712 855 850 917 poterat,
863 858 918 898 nec
933 861 981 900 au·

297 915 386 978 debat
400 961 410 990 ,
428 917 461 978 &
475 916 558 977 simul
575 917 612 976 ab
624 914 679 976 isto
697 918 802 992 donis,
819 917 980 980 beneficiis-

296 1017 359 1078 que
382 997 510 1078 plurimis
543 997 769 1058 devinciebatur.
798 996 854 1058 Illo
880 1015 981 1062 autem

296 1094 433 1158 tempore
448 1074 499 1137 iste
515 1122 527 1148 ,
547 1080 662 1138 tametsi
676 1098 711 1138 ea
729 1077 769 1140 est
783 1078 907 1141 hominis
920 1083 979 1141 im·

296 1157 452 1238 pudentia,
461 1178 548 1238 quam
561 1156 670 1232 nostis,
683 1158 742 1240 ipse
755 1178 873 1234 tamen,
887 1182 978 1242 quum

296 1239 340 1298 vit
357 1235 429 1299 ellet
454 1236 623 1318 Syracusis,
643 1259 764 1300 uxorem
787 1238 849 1319 ejus
875 1261 978 1321 parum

295 1333 411 1400 poterat
424 1321 533 1396 ‚animo
561 1318 656 1380 soluto
688 1340 721 1379 ac
753 1319 846 1381 libero
870 1337 916 1380 tot
945 1323 977 1382 iu

297 1397 360 1460 acia
381 1399 444 1460 dies
457 1398 554 1461 secum
573 1400 692 1460 hahere.
711 1398 813 1481 ltaque
829 1402 978 1481 excogitat

294 1499 356 1540 rem
381 1481 557 1563 singularem
580 1501 588 1539 :
610 1500 721 1553 naves,
746 1482 850 1561 quibus
864 1481 978 1562 legatus

294 1559 447 1641 praefuerat
467 1606 477 1635 ‚
498 1559 656 1622 Cleomeni
674 1560 760 1620 tradit
779 1581 786 1619 :
804 1561 885 1622 classi
915 1582 978 1642 po-

293 1642 354 1721 puli
382 1640 510 1702 Romani
539 1640 735 1703 Cleomenem
765 1639 976 1723 Syracusanum

293 1720 411 1802 praede
437 1719 539 1800 jubet,
564 1737 652 1804 atque
673 1724 825 1803 imperare.
849 1723 918 1784 Hoc
936 1722 976 1785 ed

293 1800 386 1878 facit,
409 1819 441 1862 ut
459 1802 507 1863 ille
527 1824 589 1863 non
605 1802 698 1863 solirm
717 1801 824 1864 abesset
844 1827 860 1863 a
880 1803 974 1866 domo

294 1899 356 1944 cunt
366 1927 377 1956 ,
389 1903 479 1964 quum
489 1886 638 1964 navigaret
647 1904 657 1956 ·‚
666 1881 716 1942 sed
731 1886 817 1943 etiam
830 1884 973 1960 libenter,

292 1960 974 2046 quummagnohonore,beneficioqueabeffetr

293 2043 352 2126 ipse
370 2061 488 2118 autem,
508 2059 650 2115 remoto,
673 2058 759 2122 atque
774 2043 908 2125 ablegato
926 2045 976 2105 vi·

293 2146 327 2185 ro
342 2170 352 2200 ,
369 2147 429 2186 non
450 2125 585 2197 liberius,
603 2123 691 2204 quim
708 2123 774 2182 ante
792 2130 805 2199 (
853 2126 875 2183 is
895 2127 975 2185 enim

293 2226 430 2289 umquam
450 2205 527 2267 istius
543 2204 654 2265 libidini
670 2202 801 2284 obstitit)
833 2204 870 2265 ed
883 2205 975 2344 gaulo

293 2285 430 2349 solutiore
446 2305 544 2347 tamen
562 2288 660 2347 animo
676 2284 771 2344 secum
787 2284 864 2345 illam
903 2287 975 2346 abe·

293 2385 358 2442 ret,
372 2370 467 2428 sinon
483 2384 632 2448 tamquam
648 2368 739 2427 virum
753 2410 763 2439 ,
781 2381 810 2424 at
824 2383 975 2447 tamquam

293 2447 428 2509 aemulum
448 2446 624 2509 removillet.
653 2446 726 2507 Acci
749 2448 771 2505 it
795 2466 901 2508 navem
923 2446 974 2507 so·

293 2531 426 2600 ciorum,
442 2545 529 2610 atque
549 2532 709 2589 amicorum
724 2468 902 2589 Cleomenes
913 2527 974 2610 Sy·

290 2605 451 2668 racusanus.

335 2685 481 2747 XXXIl.
504 2687 585 2767 Quid
605 2691 730 2769 primitm
753 2705 800 2747 aut
817 2689 970 2765 accusem,

298 2785 346 2828 aut
370 2786 493 2844 querar,
521 2768 657 2829 ludices?
682 2766 818 2827 Siculone
836 2770 945 2829 homini
963 2816 975 2845 ‚

294 2847 380 2927 legati
399 2889 409 2917 ,
431 2844 601 2925 quaestoris,
626 2849 757 2929 praetoris
772 2846 897 2929 denique
915 2874 972 2930 po·

292 2924 447 3001 testatem,
466 2924 636 3003 honorem,
665 2926 864 2993 auctoritatem
887 2931 971 2993 darii
