2550 4175
375 415 454 489 '1¹4
542 398 607 465 In
648 398 893 463 Vannant

376 510 563 591 ejusdemque
585 515 653 572 anni
674 511 852 571 frumentum
876 529 919 571 ex
940 507 1060 571 decumis

376 593 504 654 Romam
517 596 664 674 mancipes
677 587 876 653 advexiffenti
901 590 980 671 quid
992 593 1061 652 acci·

377 674 483 746 derat,
503 688 534 731 ut
554 692 591 732 ex
609 673 718 734 eodem
736 672 846 739 horreo
869 669 1061 732 decumanum

376 753 569 834 probaretur,
580 770 711 836 emptum
720 773 781 812 non
789 751 976 833 probaretur
986 761 996 810 i
1007 750 1062 812 Du·

376 836 496 894 biumne
515 834 556 894 est
577 878 587 905 ‚
606 838 675 916 quin
693 831 743 893 ista
764 834 862 893 omnis
887 832 1061 914 improbatio

380 914 522 996 cogendae
555 919 664 975 ecuniae
678 912 762 973 causd
776 929 844 972 nata
857 913 897 971 sit
915 915 928 965 ἓ

423 1012 490 1073 173.
501 935 569 1054 Ede
582 1015 589 1054 ε
607 995 754 1075 improbas
766 992 949 1054 Halesinum
963 1013 972 1053 ε
984 993 1062 1053 babes

379 1075 416 1134 ab
436 1076 492 1134 alio
505 1075 617 1155 populo
636 1074 717 1154 quod
732 1073 840 1153 probes
860 1093 868 1131 z
890 1092 965 1135 eme
983 1073 1062 1145 illud,

380 1155 461 1236 quod
478 1155 592 1234 placet:
608 1155 705 1214 miffos
716 1153 761 1213 fac
775 1173 849 1224 eos,
865 1174 1001 1234 quorum
1015 1153 1063 1214 stu.

380 1253 512 1295 mentum
520 1235 696 1315 improbasti.
712 1232 770 1294 Sed
780 1234 816 1292 ab
827 1235 882 1308 iis,
899 1255 981 1317 quos
991 1254 1065 1315 repu-

382 1316 462 1390 dias,
480 1317 569 1396 exigis
583 1332 694 1376 tantum
707 1316 837 1396 pecuniae
848 1358 858 1388 ‚
871 1333 1022 1395 quantum
1036 1312 1065 1374 ad

382 1389 450 1456 edm
461 1416 612 1456 numerum
621 1396 759 1457 frumeuti
771 1392 835 1453 satis
845 1397 881 1454 sit
897 1440 908 1468 ‚
928 1417 1019 1478 quem
1029 1397 1065 1454 ci·
1087 1415 1089 1422 ·

381 1478 463 1536 vitati
477 1479 611 1558 imperas.
625 1475 756 1537 Dubium
765 1473 805 1534 est
818 1475 891 1614 cpuid
907 1473 1065 1559 egeris?1n

382 1557 530 1617 medimna
545 1558 655 1639 singula
668 1557 756 1617 video
774 1575 811 1615 ex
839 1557 938 1616 itteris
955 1557 1065 1639 publicis
1086 1605 1090 1622 ,

383 1638 436 1695 tibi
449 1637 603 1697 Halesinos
624 1636 692 1696 H-S
712 1637 814 1717 quinos
833 1636 937 1698 denos
957 1633 1066 1704 dedifft·
1086 1661 1091 1700 ¹.

383 1714 546 1776 Ostendam
556 1716 1067 1795 extabulislocupletissimorumata·

303 1793 306 1798 ’
382 1811 479 1856 torum
489 1841 499 1868 ‚
509 1796 761 1876 eodemtempore
773 1799 973 1860 neminemin
983 1798 1068 1864 sicilia

382 1876 470 1958 pluris
480 1876 656 1939 frumentum
666 1874 834 1939 vendidiffe.

424 1956 572 2018 LXXV.
592 1958 670 2037 Quae
692 1956 731 2018 est
749 1977 820 2037 ergo
836 1955 891 2018 ista
912 1961 1013 2034 ratio,
1028 1973 1066 2018 ant

383 2057 448 2117 quae
467 2041 562 2120 potibs
578 2042 731 2109 amentia,
753 2035 939 2101 frumentum
967 2042 1067 2121 impro-

384 2118 454 2180 bare
466 2121 494 2179 id
506 2165 517 2192 ‚
530 2120 612 2200 quod
630 2140 666 2179 ex
684 2140 721 2179 eo
736 2118 804 2178 loco
818 2120 879 2191 sit,
901 2141 943 2182 ex
957 2144 1018 2204 quo
1029 2118 1066 2183 sc·

385 2216 466 2257 natus
483 2200 515 2258 &
532 2199 657 2278 populus
674 2199 823 2258 Romanus
843 2203 910 2259 emi
926 2203 1065 2263 voluer'nr

387 2297 423 2338 ex
442 2298 480 2338 eo
499 2299 626 2350 acervo,
649 2299 684 2339 ex
701 2301 759 2360 quo
777 2295 892 2359 partem
913 2298 949 2343 tu
970 2284 1066 2357 idem,

385 2356 571 2418 decumarum
593 2360 736 2431 nomine,
757 2359 915 2439 probaris:
937 2361 1067 2425 deindaer

386 2438 549 2498 civitatibus
559 2442 694 2519 pecunias
705 2486 714 2512 ,
726 2440 761 2499 ad
773 2440 938 2502 emendum
950 2444 1069 2505 frumcn-

385 2532 471 2591 tum,
487 2539 616 2600 cogere,
636 2542 724 2600 quum
742 2540 777 2579 ex
790 2523 890 2580 aeratio
904 2522 1069 2607 acceperis?

387 2595 494 2657 Utrbm
505 2617 535 2659 te
551 2600 597 2659 lex
607 2599 746 2660 Terentia
763 2599 931 2662 Siculorum
953 2604 1070 2687 pecunid

386 2675 563 2739 frumentum
576 2701 700 2740 cinerea
713 2680 813 2740 Siculis
823 2726 831 2753 ‚
843 2703 881 2740 an
893 2686 1006 2766 populi
1016 2684 1071 2747 Ro·

386 2760 465 2849 mani
479 2762 602 2841 pecunid
618 2761 793 2823 frumentum
806 2761 841 2821 ab
854 2761 965 2827 Siculis
979 2782 1073 2829 emen

385 2840 468 2921 jussit
485 2845 498 2894 ?

431 2938 498 3000 174·
520 2921 586 2987 Jatn
601 2923 674 2987 verb
686 2922 722 2985 ab
738 2921 792 2985 isto
805 2944 931 2989 omnem
948 2928 1074 2997 illatura
