<?xml version="1.0" encoding="UTF-8"?>
<!DOCTYPE html PUBLIC "-//W3C//DTD XHTML 1.0 Transitional//EN"
    "http://www.w3.org/TR/xhtml1/DTD/xhtml1-transitional.dtd">
<html xmlns="http://www.w3.org/1999/xhtml" xml:lang="en" lang="en">
 <head>
  <title>
</title>
<meta http-equiv="Content-Type" content="text/html;charset=utf-8" />
  <meta name='ocr-system' content='tesseract 3.04.00' />
  <meta name='ocr-capabilities' content='ocr_page ocr_carea ocr_par ocr_line ocrx_word'/>
</head>
<body>
  <div class='ocr_page' id='page_1' title='image "./mtulliiciceroni05lallgoog_0448.png"; bbox 0 0 2550 4175; ppageno 0'>
   <div class='ocr_carea' id='block_1_1' title="bbox 364 350 833 449">
    <p class='ocr_par' dir='ltr' id='par_1_1' title="bbox 364 350 833 449">
     <span class='ocr_line' id='line_1_1' title="bbox 364 350 833 449; baseline -0.017 -22"><span class='ocrx_word' id='word_1_1' title='bbox 364 373 442 449; x_wconf 87' lang='lat'>452</span> <span class='ocrx_word' id='word_1_2' title='bbox 603 350 833 421; x_wconf 68' lang='grc' dir='ltr'><em>ΟκΑτιο</em></span> 
     </span>
    </p>
   </div>
   <div class='ocr_carea' id='block_1_2' title="bbox 267 459 1071 2889">
    <p class='ocr_par' dir='ltr' id='par_1_2' title="bbox 267 459 1071 2889">
     <span class='ocr_line' id='line_1_2' title="bbox 267 459 1052 609; baseline -0.009 -79"><span class='ocrx_word' id='word_1_3' title='bbox 267 459 272 478; x_wconf 62' lang='grc'><strong>’</strong></span> <span class='ocrx_word' id='word_1_4' title='bbox 363 468 425 530; x_wconf 83' lang='lat' dir='ltr'>sam</span> <span class='ocrx_word' id='word_1_5' title='bbox 441 486 530 550; x_wconf 88' lang='lat' dir='ltr'>quum</span> <span class='ocrx_word' id='word_1_6' title='bbox 550 488 667 609; x_wconf 56' lang='lat' dir='ltr'>aflerem</span> <span class='ocrx_word' id='word_1_7' title='bbox 679 485 780 529; x_wconf 86' lang='lat' dir='ltr'>contra</span> <span class='ocrx_word' id='word_1_8' title='bbox 795 463 951 528; x_wconf 88' lang='lat' dir='ltr'>hominem</span> <span class='ocrx_word' id='word_1_9' title='bbox 968 459 1052 524; x_wconf 63' lang='lat' dir='ltr'>disera</span> 
     </span>
     <span class='ocr_line' id='line_1_3' title="bbox 365 545 1053 625; baseline -0.01 -16"><span class='ocrx_word' id='word_1_10' title='bbox 365 552 507 610; x_wconf 83' lang='lat' dir='ltr'><strong>tissimum</strong></span> <span class='ocrx_word' id='word_1_11' title='bbox 523 572 563 610; x_wconf 86' lang='lat' dir='ltr'>no</span> <span class='ocrx_word' id='word_1_12' title='bbox 589 573 627 611; x_wconf 87' lang='lat' dir='ltr'>rae</span> <span class='ocrx_word' id='word_1_13' title='bbox 647 551 768 611; x_wconf 85' lang='lat' dir='ltr'>civitatis</span> <span class='ocrx_word' id='word_1_14' title='bbox 778 547 925 620; x_wconf 84' lang='lat' dir='ltr'>Cottam,</span> <span class='ocrx_word' id='word_1_15' title='bbox 944 545 1053 625; x_wconf 77' lang='lat' dir='ltr'>proba·</span> 
     </span>
     <span class='ocr_line' id='line_1_4' title="bbox 360 625 1054 708; baseline -0.012 -16"><span class='ocrx_word' id='word_1_16' title='bbox 360 632 407 692; x_wconf 66' lang='lat' dir='ltr'>,vi</span> <span class='ocrx_word' id='word_1_17' title='bbox 418 629 520 708; x_wconf 90' lang='lat' dir='ltr'>Quum</span> <span class='ocrx_word' id='word_1_18' title='bbox 532 631 676 692; x_wconf 86' lang='lat' dir='ltr'>Arretinae</span> <span class='ocrx_word' id='word_1_19' title='bbox 691 630 816 691; x_wconf 84' lang='lat' dir='ltr'>mulieris</span> <span class='ocrx_word' id='word_1_20' title='bbox 826 630 998 689; x_wconf 81' lang='lat' dir='ltr'>libertatem</span> <span class='ocrx_word' id='word_1_21' title='bbox 1008 625 1054 685; x_wconf 87' lang='lat' dir='ltr'>de·</span> 
     </span>
     <span class='ocr_line' id='line_1_5' title="bbox 365 707 1054 788; baseline -0.004 -19"><span class='ocrx_word' id='word_1_22' title='bbox 365 707 545 784; x_wconf 82' lang='lat' dir='ltr'>senderem,</span> <span class='ocrx_word' id='word_1_23' title='bbox 569 708 712 771; x_wconf 86' lang='lat' dir='ltr'>&amp;Cotta</span> <span class='ocrx_word' id='word_1_24' title='bbox 734 709 910 770; x_wconf 83' lang='lat' dir='ltr'>decemviris</span> <span class='ocrx_word' id='word_1_25' title='bbox 932 707 1054 788; x_wconf 81' lang='lat' dir='ltr'>religio·</span> 
     </span>
     <span class='ocr_line' id='line_1_6' title="bbox 368 788 1054 872; baseline -0.003 -23"><span class='ocrx_word' id='word_1_26' title='bbox 368 811 439 850; x_wconf 88' lang='lat' dir='ltr'>nem</span> <span class='ocrx_word' id='word_1_27' title='bbox 457 788 595 871; x_wconf 81' lang='lat' dir='ltr'>injeciffet</span> <span class='ocrx_word' id='word_1_28' title='bbox 609 823 624 863; x_wconf 88' lang='lat'>‚·</span> <span class='ocrx_word' id='word_1_29' title='bbox 648 813 709 851; x_wconf 84' lang='lat' dir='ltr'>non</span> <span class='ocrx_word' id='word_1_30' title='bbox 735 788 815 872; x_wconf 81' lang='lat' dir='ltr'>poffe</span> <span class='ocrx_word' id='word_1_31' title='bbox 843 789 1054 850; x_wconf 84' lang='lat' dir='ltr'>sacramentum</span> 
     </span>
     <span class='ocr_line' id='line_1_7' title="bbox 368 868 1054 953; baseline -0.004 -23"><span class='ocrx_word' id='word_1_32' title='bbox 368 870 497 931; x_wconf 83' lang='lat' dir='ltr'>nostrum</span> <span class='ocrx_word' id='word_1_33' title='bbox 516 870 618 953; x_wconf 85' lang='lat' dir='ltr'>justum</span> <span class='ocrx_word' id='word_1_34' title='bbox 642 869 788 950; x_wconf 83' lang='lat' dir='ltr'>judicari,</span> <span class='ocrx_word' id='word_1_35' title='bbox 814 868 896 952; x_wconf 76' lang='lat' dir='ltr'>quod</span> <span class='ocrx_word' id='word_1_36' title='bbox 913 869 1054 929; x_wconf 75' lang='lat' dir='ltr'>Arretinis</span> 
     </span>
     <span class='ocr_line' id='line_1_8' title="bbox 367 950 1055 1034; baseline -0.004 -23"><span class='ocrx_word' id='word_1_37' title='bbox 367 952 508 1033; x_wconf 45' lang='lat' dir='ltr'>‚adempta</span> <span class='ocrx_word' id='word_1_38' title='bbox 524 955 624 1012; x_wconf 85' lang='lat' dir='ltr'>civitas</span> <span class='ocrx_word' id='word_1_39' title='bbox 647 950 736 1025; x_wconf 87' lang='lat' dir='ltr'>esset,</span> <span class='ocrx_word' id='word_1_40' title='bbox 755 953 787 1012; x_wconf 90' lang='lat'><strong>&amp;</strong></span> <span class='ocrx_word' id='word_1_41' title='bbox 810 972 867 1034; x_wconf 85' lang='lat' dir='ltr'>ego</span> <span class='ocrx_word' id='word_1_42' title='bbox 889 950 1055 1010; x_wconf 85' lang='lat' dir='ltr'>vehemen-</span> 
     </span>
     <span class='ocr_line' id='line_1_9' title="bbox 367 1030 1055 1105; baseline -0.007 -12"><span class='ocrx_word' id='word_1_43' title='bbox 367 1034 427 1093; x_wconf 58' lang='lat' dir='ltr'>eihs</span> <span class='ocrx_word' id='word_1_44' title='bbox 449 1031 680 1105; x_wconf 81' lang='lat' dir='ltr'>contendiffem‚</span> <span class='ocrx_word' id='word_1_45' title='bbox 708 1034 856 1092; x_wconf 87' lang='lat' dir='ltr'>civitatem</span> <span class='ocrx_word' id='word_1_46' title='bbox 881 1030 975 1090; x_wconf 83' lang='lat' dir='ltr'>adimi</span> <span class='ocrx_word' id='word_1_47' title='bbox 999 1049 1055 1090; x_wconf 84' lang='lat' dir='ltr'>non</span> 
     </span>
     <span class='ocr_line' id='line_1_10' title="bbox 327 1110 1056 1202; baseline -0.003 -31"><span class='ocrx_word' id='word_1_48' title='bbox 327 1113 350 1122; x_wconf 61' lang='grc'>’“</span> <span class='ocrx_word' id='word_1_49' title='bbox 371 1110 522 1202; x_wconf 81' lang='lat' dir='ltr'>potuiffe:</span> <span class='ocrx_word' id='word_1_50' title='bbox 552 1112 711 1173; x_wconf 84' lang='lat' dir='ltr'>decemviri</span> <span class='ocrx_word' id='word_1_51' title='bbox 735 1113 828 1194; x_wconf 69' lang='lat' dir='ltr'>primi</span> <span class='ocrx_word' id='word_1_52' title='bbox 855 1110 975 1171; x_wconf 72' lang='lat' dir='ltr'>afflone</span> <span class='ocrx_word' id='word_1_53' title='bbox 998 1129 1056 1171; x_wconf 82' lang='lat' dir='ltr'>non</span> 
     </span>
     <span class='ocr_line' id='line_1_11' title="bbox 369 1191 1057 1275; baseline -0.001 -24"><span class='ocrx_word' id='word_1_54' title='bbox 369 1192 571 1273; x_wconf 61' lang='lat' dir='ltr'>judicaverunt</span> <span class='ocrx_word' id='word_1_55' title='bbox 591 1215 598 1253; x_wconf 75' lang='grc' dir='ltr'><strong><em>ε</em></strong></span> <span class='ocrx_word' id='word_1_56' title='bbox 620 1192 744 1275; x_wconf 86' lang='lat' dir='ltr'>postea,</span> <span class='ocrx_word' id='word_1_57' title='bbox 765 1213 797 1253; x_wconf 86' lang='lat' dir='ltr'>re</span> <span class='ocrx_word' id='word_1_58' title='bbox 816 1192 938 1275; x_wconf 69' lang='lat' dir='ltr'>quaesitd</span> <span class='ocrx_word' id='word_1_59' title='bbox 956 1192 989 1251; x_wconf 86' lang='lat'>&amp;</span> <span class='ocrx_word' id='word_1_60' title='bbox 1007 1191 1057 1251; x_wconf 90' lang='lat' dir='ltr'>de·</span> 
     </span>
     <span class='ocr_line' id='line_1_12' title="bbox 370 1269 1058 1353; baseline 0 -21"><span class='ocrx_word' id='word_1_61' title='bbox 370 1273 513 1348; x_wconf 64' lang='lat' dir='ltr'>¹liberati,</span> <span class='ocrx_word' id='word_1_62' title='bbox 531 1273 739 1336; x_wconf 77' lang='lat' dir='ltr'>sacramentum</span> <span class='ocrx_word' id='word_1_63' title='bbox 749 1272 878 1334; x_wconf 82' lang='lat' dir='ltr'>nostrum</span> <span class='ocrx_word' id='word_1_64' title='bbox 891 1269 1000 1353; x_wconf 82' lang='lat' dir='ltr'>justum</span> <span class='ocrx_word' id='word_1_65' title='bbox 1014 1269 1058 1351; x_wconf 87' lang='lat' dir='ltr'>ju·</span> 
     </span>
     <span class='ocr_line' id='line_1_13' title="bbox 375 1352 1058 1437; baseline -0.006 -21"><span class='ocrx_word' id='word_1_66' title='bbox 375 1354 554 1416; x_wconf 84' lang='lat' dir='ltr'>dicaverunt.</span> <span class='ocrx_word' id='word_1_67' title='bbox 567 1355 666 1437; x_wconf 86' lang='lat' dir='ltr'>Atque</span> <span class='ocrx_word' id='word_1_68' title='bbox 681 1356 760 1428; x_wconf 87' lang='lat' dir='ltr'>hoc,</span> <span class='ocrx_word' id='word_1_69' title='bbox 778 1355 810 1414; x_wconf 84' lang='lat'>&amp;</span> <span class='ocrx_word' id='word_1_70' title='bbox 824 1352 929 1414; x_wconf 64' lang='lat' dir='ltr'>contri</span> <span class='ocrx_word' id='word_1_71' title='bbox 946 1352 1058 1413; x_wconf 78' lang='lat' dir='ltr'>dicente</span> 
     </span>
     <span class='ocr_line' id='line_1_14' title="bbox 352 1432 1057 1515; baseline -0.003 -20"><span class='ocrx_word' id='word_1_72' title='bbox 352 1432 487 1509; x_wconf 68' lang='lat' dir='ltr'>·.Cotti‚</span> <span class='ocrx_word' id='word_1_73' title='bbox 509 1437 541 1496; x_wconf 89' lang='lat'>&amp;</span> <span class='ocrx_word' id='word_1_74' title='bbox 552 1434 630 1500; x_wconf 73' lang='lat' dir='ltr'>Sum</span> <span class='ocrx_word' id='word_1_75' title='bbox 647 1437 742 1507; x_wconf 85' lang='lat' dir='ltr'>vivo,</span> <span class='ocrx_word' id='word_1_76' title='bbox 755 1432 916 1515; x_wconf 76' lang='lat' dir='ltr'>judicatum</span> <span class='ocrx_word' id='word_1_77' title='bbox 929 1432 983 1494; x_wconf 85' lang='lat' dir='ltr'>est.</span> <span class='ocrx_word' id='word_1_78' title='bbox 998 1432 1057 1495; x_wconf 78' lang='lat' dir='ltr'>Jam</span> 
     </span>
     <span class='ocr_line' id='line_1_15' title="bbox 374 1514 1058 1599; baseline -0.006 -20"><span class='ocrx_word' id='word_1_79' title='bbox 374 1517 450 1579; x_wconf 73' lang='lat' dir='ltr'>-vero</span> <span class='ocrx_word' id='word_1_80' title='bbox 466 1518 496 1576; x_wconf 91' lang='lat' dir='ltr'>in</span> <span class='ocrx_word' id='word_1_81' title='bbox 511 1519 636 1591; x_wconf 82' lang='lat' dir='ltr'>ceteris,</span> <span class='ocrx_word' id='word_1_82' title='bbox 651 1533 684 1577; x_wconf 82' lang='lat' dir='ltr'>ut</span> <span class='ocrx_word' id='word_1_83' title='bbox 700 1536 826 1589; x_wconf 88' lang='lat' dir='ltr'>omnes,</span> <span class='ocrx_word' id='word_1_84' title='bbox 844 1517 894 1599; x_wconf 87' lang='lat' dir='ltr'>qui</span> <span class='ocrx_word' id='word_1_85' title='bbox 910 1516 942 1575; x_wconf 88' lang='lat' dir='ltr'>in</span> <span class='ocrx_word' id='word_1_86' title='bbox 958 1514 1058 1576; x_wconf 85' lang='lat' dir='ltr'>eadem</span> 
     </span>
     <span class='ocr_line' id='line_1_16' title="bbox 378 1592 1059 1679; baseline -0.001 -22"><span class='ocrx_word' id='word_1_87' title='bbox 378 1595 461 1657; x_wconf 76' lang='lat' dir='ltr'>causa</span> <span class='ocrx_word' id='word_1_88' title='bbox 483 1594 566 1671; x_wconf 84' lang='lat' dir='ltr'>sunt,</span> <span class='ocrx_word' id='word_1_89' title='bbox 588 1599 620 1658; x_wconf 77' lang='grc' dir='ltr'>δι</span> <span class='ocrx_word' id='word_1_90' title='bbox 641 1596 708 1679; x_wconf 84' lang='lat' dir='ltr'>lege</span> <span class='ocrx_word' id='word_1_91' title='bbox 728 1612 839 1678; x_wconf 82' lang='lat' dir='ltr'>agant,</span> <span class='ocrx_word' id='word_1_92' title='bbox 864 1596 897 1658; x_wconf 88' lang='lat'>&amp;</span> <span class='ocrx_word' id='word_1_93' title='bbox 912 1594 997 1656; x_wconf 89' lang='lat' dir='ltr'>suum</span> <span class='ocrx_word' id='word_1_94' title='bbox 1019 1592 1059 1675; x_wconf 72' lang='lat'>&#39;111⁸</span> 
     </span>
     <span class='ocr_line' id='line_1_17' title="bbox 376 1674 1060 1758; baseline 0 -23"><span class='ocrx_word' id='word_1_95' title='bbox 376 1677 603 1758; x_wconf 82' lang='lat' dir='ltr'>persequantur,</span> <span class='ocrx_word' id='word_1_96' title='bbox 622 1678 655 1738; x_wconf 89' lang='lat'>&amp;</span> <span class='ocrx_word' id='word_1_97' title='bbox 674 1698 778 1737; x_wconf 87' lang='lat' dir='ltr'>omnes</span> <span class='ocrx_word' id='word_1_98' title='bbox 798 1674 862 1737; x_wconf 87' lang='lat' dir='ltr'>&#39;ure</span> <span class='ocrx_word' id='word_1_99' title='bbox 879 1676 959 1737; x_wconf 84' lang='lat' dir='ltr'>civili</span> <span class='ocrx_word' id='word_1_100' title='bbox 971 1720 986 1748; x_wconf 79' lang='grc'><strong><em>,</em></strong></span> <span class='ocrx_word' id='word_1_101' title='bbox 1004 1676 1060 1736; x_wconf 78' lang='lat' dir='ltr'>sine</span> 
     </span>
     <span class='ocr_line' id='line_1_18' title="bbox 372 1697 1060 1839; baseline 0.003 -25"><span class='ocrx_word' id='word_1_102' title='bbox 372 1753 544 1837; x_wconf 81' lang='lat' dir='ltr'>¹cujusquam</span> <span class='ocrx_word' id='word_1_103' title='bbox 571 1776 620 1817; x_wconf 81' lang='lat' dir='ltr'>aut</span> <span class='ocrx_word' id='word_1_104' title='bbox 642 1697 842 1839; x_wconf 73' lang='lat' dir='ltr'>magistratds,</span> <span class='ocrx_word' id='word_1_105' title='bbox 863 1771 916 1817; x_wconf 83' lang='lat' dir='ltr'>aut</span> <span class='ocrx_word' id='word_1_106' title='bbox 940 1754 1060 1839; x_wconf 82' lang='lat' dir='ltr'>judicis,</span> 
     </span>
     <span class='ocr_line' id='line_1_19' title="bbox 379 1836 1062 1918; baseline 0 -21"><span class='ocrx_word' id='word_1_107' title='bbox 379 1853 428 1897; x_wconf 80' lang='lat' dir='ltr'>aut</span> <span class='ocrx_word' id='word_1_108' title='bbox 444 1838 530 1918; x_wconf 83' lang='lat' dir='ltr'>periti</span> <span class='ocrx_word' id='word_1_109' title='bbox 541 1836 666 1899; x_wconf 86' lang='lat' dir='ltr'>hominis</span> <span class='ocrx_word' id='word_1_110' title='bbox 678 1883 687 1910; x_wconf 90' lang='lat'><strong>‚</strong></span> <span class='ocrx_word' id='word_1_111' title='bbox 697 1854 745 1898; x_wconf 87' lang='lat' dir='ltr'>aut</span> <span class='ocrx_word' id='word_1_112' title='bbox 761 1838 889 1918; x_wconf 76' lang='lat' dir='ltr'>imperiti</span> <span class='ocrx_word' id='word_1_113' title='bbox 903 1837 1062 1899; x_wconf 84' lang='lat' dir='ltr'>dubitatio·</span> 
     </span>
     <span class='ocr_line' id='line_1_20' title="bbox 380 1913 1065 2001; baseline -0.004 -21"><span class='ocrx_word' id='word_1_114' title='bbox 380 1937 441 1991; x_wconf 80' lang='lat' dir='ltr'>ne,</span> <span class='ocrx_word' id='word_1_115' title='bbox 459 1934 599 1992; x_wconf 81' lang='lat' dir='ltr'><strong>utantur,</strong></span> <span class='ocrx_word' id='word_1_116' title='bbox 625 1918 695 1999; x_wconf 90' lang='lat' dir='ltr'>quid</span> <span class='ocrx_word' id='word_1_117' title='bbox 721 1939 778 2001; x_wconf 85' lang='lat' dir='ltr'>ego</span> <span class='ocrx_word' id='word_1_118' title='bbox 803 1913 1065 1981; x_wconf 76' lang='lat' dir='ltr'>commemorem?</span> 
     </span>
     <span class='ocr_line' id='line_1_21' title="bbox 381 1997 1065 2083; baseline 0 -24"><span class='ocrx_word' id='word_1_119' title='bbox 381 1998 509 2067; x_wconf 73' lang='lat' dir='ltr'>dubium</span> <span class='ocrx_word' id='word_1_120' title='bbox 522 2000 631 2064; x_wconf 88' lang='lat' dir='ltr'>nemini</span> <span class='ocrx_word' id='word_1_121' title='bbox 648 1998 776 2068; x_wconf 74' lang='lat' dir='ltr'>vestrfim</span> <span class='ocrx_word' id='word_1_122' title='bbox 795 1997 846 2060; x_wconf 84' lang='lat' dir='ltr'>est.</span> <span class='ocrx_word' id='word_1_123' title='bbox 865 1998 961 2061; x_wconf 71' lang='lat' dir='ltr'>Certe</span> <span class='ocrx_word' id='word_1_124' title='bbox 980 1997 1065 2083; x_wconf 81' lang='lat' dir='ltr'>quaeti</span> 
     </span>
     <span class='ocr_line' id='line_1_22' title="bbox 381 2077 1064 2163; baseline -0.003 -21"><span class='ocrx_word' id='word_1_125' title='bbox 381 2078 438 2142; x_wconf 88' lang='lat' dir='ltr'>hoc</span> <span class='ocrx_word' id='word_1_126' title='bbox 449 2079 543 2143; x_wconf 85' lang='lat' dir='ltr'>solere</span> <span class='ocrx_word' id='word_1_127' title='bbox 559 2101 607 2143; x_wconf 87' lang='lat' dir='ltr'>me</span> <span class='ocrx_word' id='word_1_128' title='bbox 621 2103 683 2143; x_wconf 83' lang='lat' dir='ltr'>non</span> <span class='ocrx_word' id='word_1_129' title='bbox 692 2082 821 2163; x_wconf 66' lang='lat' dir='ltr'>praeterit</span> <span class='ocrx_word' id='word_1_130' title='bbox 839 2077 895 2161; x_wconf 86' lang='lat' dir='ltr'>(ut</span> <span class='ocrx_word' id='word_1_131' title='bbox 904 2101 943 2142; x_wconf 82' lang='lat' dir='ltr'>ex</span> <span class='ocrx_word' id='word_1_132' title='bbox 954 2101 1005 2143; x_wconf 87' lang='lat' dir='ltr'>me</span> <span class='ocrx_word' id='word_1_133' title='bbox 1014 2101 1064 2154; x_wconf 76' lang='lat' dir='ltr'>ea,</span> 
     </span>
     <span class='ocr_line' id='line_1_23' title="bbox 384 2160 1063 2244; baseline 0.001 -22"><span class='ocrx_word' id='word_1_134' title='bbox 384 2163 509 2244; x_wconf 86' lang='lat' dir='ltr'>quaetibi</span> <span class='ocrx_word' id='word_1_135' title='bbox 523 2164 554 2222; x_wconf 85' lang='lat' dir='ltr'>in</span> <span class='ocrx_word' id='word_1_136' title='bbox 569 2179 701 2225; x_wconf 84' lang='lat' dir='ltr'>mentem</span> <span class='ocrx_word' id='word_1_137' title='bbox 717 2184 779 2233; x_wconf 78' lang='lat' dir='ltr'>non</span> <span class='ocrx_word' id='word_1_138' title='bbox 795 2164 918 2222; x_wconf 78' lang='lat' dir='ltr'>veniunt</span> <span class='ocrx_word' id='word_1_139' title='bbox 929 2160 1063 2243; x_wconf 71' lang='lat' dir='ltr'>,audiasJ</span> 
     </span>
     <span class='ocr_line' id='line_1_24' title="bbox 381 2242 1067 2325; baseline -0.003 -21"><span class='ocrx_word' id='word_1_140' title='bbox 381 2243 655 2325; x_wconf 82' lang='lat' dir='ltr'>quemadmodum,</span> <span class='ocrx_word' id='word_1_141' title='bbox 669 2245 693 2303; x_wconf 90' lang='lat' dir='ltr'>si</span> <span class='ocrx_word' id='word_1_142' title='bbox 707 2245 809 2303; x_wconf 80' lang='lat' dir='ltr'>civitas</span> <span class='ocrx_word' id='word_1_143' title='bbox 826 2242 914 2303; x_wconf 83' lang='lat' dir='ltr'>adimi</span> <span class='ocrx_word' id='word_1_144' title='bbox 928 2266 993 2304; x_wconf 87' lang='lat' dir='ltr'>non</span> <span class='ocrx_word' id='word_1_145' title='bbox 1002 2263 1067 2325; x_wconf 64' lang='lat' dir='ltr'>pose</span> 
     </span>
     <span class='ocr_line' id='line_1_25' title="bbox 290 2321 1067 2404; baseline 0.001 -20"><span class='ocrx_word' id='word_1_146' title='bbox 290 2361 293 2366; x_wconf 33' lang='grc' dir='ltr'><em>ι</em></span> <span class='ocrx_word' id='word_1_147' title='bbox 383 2325 442 2398; x_wconf 84' lang='lat' dir='ltr'>sit,</span> <span class='ocrx_word' id='word_1_148' title='bbox 461 2326 490 2385; x_wconf 88' lang='lat' dir='ltr'>in</span> <span class='ocrx_word' id='word_1_149' title='bbox 507 2324 638 2385; x_wconf 87' lang='lat' dir='ltr'>colonias</span> <span class='ocrx_word' id='word_1_150' title='bbox 656 2324 769 2384; x_wconf 86' lang='lat' dir='ltr'>Latinas</span> <span class='ocrx_word' id='word_1_151' title='bbox 789 2321 864 2404; x_wconf 87' lang='lat' dir='ltr'>saepe</span> <span class='ocrx_word' id='word_1_152' title='bbox 885 2323 979 2384; x_wconf 87' lang='lat' dir='ltr'>nostri</span> <span class='ocrx_word' id='word_1_153' title='bbox 993 2327 1067 2385; x_wconf 72' lang='lat' dir='ltr'>cives</span> 
     </span>
     <span class='ocr_line' id='line_1_26' title="bbox 378 2403 1067 2489; baseline 0.001 -24"><span class='ocrx_word' id='word_1_154' title='bbox 378 2403 507 2484; x_wconf 65' lang='lat' dir='ltr'>profesti</span> <span class='ocrx_word' id='word_1_155' title='bbox 524 2406 591 2470; x_wconf 56' lang='lat' dir='ltr'>sino</span> <span class='ocrx_word' id='word_1_156' title='bbox 604 2404 665 2464; x_wconf 85' lang='lat' dir='ltr'>Aut</span> <span class='ocrx_word' id='word_1_157' title='bbox 677 2404 726 2464; x_wconf 66' lang='lat' dir='ltr'>sud</span> <span class='ocrx_word' id='word_1_158' title='bbox 742 2404 893 2464; x_wconf 81' lang='lat' dir='ltr'>voluntate</span> <span class='ocrx_word' id='word_1_159' title='bbox 906 2448 918 2478; x_wconf 85' lang='lat'>‚</span> <span class='ocrx_word' id='word_1_160' title='bbox 936 2423 989 2465; x_wconf 81' lang='lat' dir='ltr'>aut</span> <span class='ocrx_word' id='word_1_161' title='bbox 1001 2406 1067 2489; x_wconf 71' lang='lat' dir='ltr'>legi!</span> 
     </span>
     <span class='ocr_line' id='line_1_27' title="bbox 381 2483 1068 2564; baseline 0.001 -19"><span class='ocrx_word' id='word_1_162' title='bbox 381 2484 476 2545; x_wconf 72' lang='lat' dir='ltr'>multd</span> <span class='ocrx_word' id='word_1_163' title='bbox 496 2484 619 2563; x_wconf 66' lang='lat' dir='ltr'>profedi</span> <span class='ocrx_word' id='word_1_164' title='bbox 634 2483 718 2545; x_wconf 86' lang='lat' dir='ltr'>sunt:</span> <span class='ocrx_word' id='word_1_165' title='bbox 733 2505 820 2564; x_wconf 80' lang='lat' dir='ltr'>quam</span> <span class='ocrx_word' id='word_1_166' title='bbox 833 2484 957 2544; x_wconf 86' lang='lat' dir='ltr'>multam</span> <span class='ocrx_word' id='word_1_167' title='bbox 979 2488 1004 2546; x_wconf 87' lang='lat' dir='ltr'>si</span> <span class='ocrx_word' id='word_1_168' title='bbox 1017 2483 1068 2546; x_wconf 76' lang='lat' dir='ltr'>suf·</span> 
     </span>
     <span class='ocr_line' id='line_1_28' title="bbox 383 2560 1069 2638; baseline 0.01 -15"><span class='ocrx_word' id='word_1_169' title='bbox 383 2560 462 2623; x_wconf 82' lang='lat' dir='ltr'>serre</span> <span class='ocrx_word' id='word_1_170' title='bbox 483 2562 655 2638; x_wconf 83' lang='lat' dir='ltr'>voluiffent,</span> <span class='ocrx_word' id='word_1_171' title='bbox 676 2580 738 2625; x_wconf 84' lang='lat' dir='ltr'>tum</span> <span class='ocrx_word' id='word_1_172' title='bbox 754 2585 881 2627; x_wconf 83' lang='lat' dir='ltr'>manere</span> <span class='ocrx_word' id='word_1_173' title='bbox 899 2565 932 2625; x_wconf 87' lang='lat' dir='ltr'>in</span> <span class='ocrx_word' id='word_1_174' title='bbox 954 2569 1069 2630; x_wconf 78' lang='lat' dir='ltr'>civitate</span> 
     </span>
     <span class='ocr_line' id='line_1_29' title="bbox 381 2640 550 2725; baseline -0.006 -22"><span class='ocrx_word' id='word_1_175' title='bbox 381 2640 550 2725; x_wconf 80' lang='lat' dir='ltr'>pomiffent.</span> 
     </span>
     <span class='ocr_line' id='line_1_30' title="bbox 381 2721 1071 2809; baseline 0.003 -20"><span class='ocrx_word' id='word_1_176' title='bbox 381 2779 385 2789; x_wconf 92' lang='lat'>.</span> <span class='ocrx_word' id='word_1_177' title='bbox 428 2721 600 2787; x_wconf 87' lang='lat' dir='ltr'><strong>XXXIV.</strong></span> <span class='ocrx_word' id='word_1_178' title='bbox 621 2722 706 2805; x_wconf 89' lang='lat' dir='ltr'>Quid</span> <span class='ocrx_word' id='word_1_179' title='bbox 718 2723 729 2790; x_wconf 71' lang='grc' dir='ltr'><strong><em>ἓ</em></strong></span> <span class='ocrx_word' id='word_1_180' title='bbox 741 2745 831 2807; x_wconf 87' lang='lat' dir='ltr'>quem</span> <span class='ocrx_word' id='word_1_181' title='bbox 844 2741 931 2807; x_wconf 80' lang='lat' dir='ltr'>pater</span> <span class='ocrx_word' id='word_1_182' title='bbox 945 2743 1071 2809; x_wconf 76' lang='lat' dir='ltr'>patratus</span> 
     </span>
     <span class='ocr_line' id='line_1_31' title="bbox 388 2803 1071 2889; baseline 0.01 -27"><span class='ocrx_word' id='word_1_183' title='bbox 388 2803 521 2880; x_wconf 86' lang='lat' dir='ltr'>dedidit,</span> <span class='ocrx_word' id='word_1_184' title='bbox 540 2823 589 2867; x_wconf 83' lang='lat' dir='ltr'>aut</span> <span class='ocrx_word' id='word_1_185' title='bbox 609 2805 673 2867; x_wconf 83' lang='lat' dir='ltr'>suus</span> <span class='ocrx_word' id='word_1_186' title='bbox 691 2824 795 2889; x_wconf 83' lang='lat' dir='ltr'>pater,</span> <span class='ocrx_word' id='word_1_187' title='bbox 813 2807 981 2889; x_wconf 82' lang='lat' dir='ltr'>populusve</span> <span class='ocrx_word' id='word_1_188' title='bbox 1001 2830 1071 2872; x_wconf 82' lang='lat' dir='ltr'>ven·</span> 
     </span>
    </p>
   </div>
   <div class='ocr_carea' id='block_1_3' title="bbox 382 2883 1072 2976">
    <p class='ocr_par' dir='ltr' id='par_1_3' title="bbox 382 2883 1072 2976">
     <span class='ocr_line' id='line_1_32' title="bbox 382 2883 1072 2976; baseline 0.013 -31"><span class='ocrx_word' id='word_1_189' title='bbox 382 2883 481 2962; x_wconf 77' lang='lat' dir='ltr'>didit,</span> <span class='ocrx_word' id='word_1_190' title='bbox 501 2888 604 2976; x_wconf 78' lang='lat' dir='ltr'>quois</span> <span class='ocrx_word' id='word_1_191' title='bbox 627 2884 691 2972; x_wconf 79' lang='lat' dir='ltr'>jure</span> <span class='ocrx_word' id='word_1_192' title='bbox 711 2888 816 2954; x_wconf 76' lang='lat' dir='ltr'>amittit</span> <span class='ocrx_word' id='word_1_193' title='bbox 836 2890 1015 2956; x_wconf 66' lang='lat' dir='ltr'>civitatem?</span> <span class='ocrx_word' id='word_1_194' title='bbox 1034 2888 1072 2954; x_wconf 77' lang='lat' dir='ltr'>Ut</span> 
     </span>
    </p>
   </div>
   <div class='ocr_carea' id='block_1_4' title="bbox 0 0 1314 4175">
    <p class='ocr_par' dir='ltr' id='par_1_4' title="bbox 0 0 1314 4175">
     <span class='ocr_line' id='line_1_33' title="bbox 0 0 1314 4175; baseline 0 0"><span class='ocrx_word' id='word_1_195' title='bbox 0 0 1314 4175; x_wconf 95' lang='lat' dir='ltr'> </span> 
     </span>
    </p>
   </div>
  </div>
 </body>
</html>
