2550 4175
397 702 720 786 Acrroursll.
741 702 778 772 L.
801 704 865 774 IV.
907 701 984 797 185

298 816 380 879 varia
392 819 576 899 improbitate
586 822 698 900 generis
706 818 808 880 indicia
817 818 894 901 apud
903 840 959 880 vos
970 835 984 892 ,·

300 899 335 958 &
355 899 489 980 exempla
505 898 626 978 profero
645 921 654 959 ε
670 920 767 980 neque
790 904 867 960 enim
890 903 929 960 ita
951 899 985 961 se

299 981 389 1061 gessit
413 981 444 1038 in
473 979 517 1037 his
538 979 647 1051 rebus,
668 997 817 1060 tamquam
837 982 983 1041 rationem

299 1059 456 1141 aliquando
485 1055 555 1119 effer
581 1058 742 1120 redditurus
764 1079 772 1117 ι
793 1058 845 1119 sed
868 1059 985 1140 prorsus

298 1140 361 1213 ita,
382 1141 462 1220 quasi
481 1156 529 1198 aut
546 1158 611 1200 reus
632 1160 790 1279 numppam
814 1136 883 1199 effer
904 1140 984 1201 futu-

299 1240 372 1291 rus,
394 1235 463 1293 aut,
483 1220 543 1359 pub
566 1218 647 1300 plura
672 1221 709 1280 ab
734 1216 844 1293 ululet,
868 1219 906 1279 eo
928 1223 984 1281 mi·

298 1319 373 1359 nore
392 1301 489 1380 pericu
501 1321 520 1360 o
538 1301 568 1359 in
581 1297 719 1377 judicium
734 1298 804 1361 esset
822 1316 980 1361 venturus:

298 1381 349 1460 qui
370 1380 449 1454 haec,
477 1401 540 1461 quae
564 1379 655 1454 dico,
674 1379 732 1460 jam
757 1401 819 1440 non
844 1381 981 1454 occulte,

296 1481 359 1519 non
375 1481 428 1540 per
453 1463 589 1533 amicos,
611 1479 698 1543 atque
716 1464 910 1542 interpretes,
930 1460 981 1522 sed

295 1540 412 1621 palam,
427 1539 464 1601 de
476 1541 546 1601 loco
558 1539 706 1624 superiore
719 1586 730 1614 ,
742 1558 841 1624 ageret
856 1563 911 1624 pro
921 1543 982 1602 irn-

295 1624 379 1702 perio
392 1623 424 1680 &
456 1620 586 1681 otestate.

338 1642 474 1758 xxlll.
500 1699 636 1760 Catinam
657 1721 745 1780 quum
762 1697 905 1770 veniffet,
924 1712 982 1781 opi

318 1781 397 1839 idum
420 1779 575 1860 locuples,
595 1779 747 1839 honestum
768 1824 780 1851 ,
806 1778 981 1859 copiosum,

294 1802 547 1942 Bionysiarchum
557 1858 594 1917 ad
605 1859 632 1919 se
642 1880 817 1941 proagorum
830 1859 907 1930 ‚hoc
921 1858 982 1934 est,

293 1940 436 2002 summum
462 1939 680 2023 magistratum,
702 1943 801 2000 vocari
822 1938 929 2018 jubet:
951 1944 980 2002 ei

294 2023 389 2105 palam
405 2024 548 2103 imperat,
561 2037 592 2079 ut
604 2041 693 2082 omne
709 2038 860 2104 argentum
873 2066 883 2096 ,
897 2023 979 2104 quod

294 2106 371 2183 apud
392 2124 537 2185 quemque
555 2099 624 2164 effet
647 2101 782 2174 Catinae‚
802 2107 979 2184 conquiren-

295 2184 365 2242 dum
396 2202 529 2253 curaret,
556 2184 589 2244 &
613 2183 650 2243 ad
677 2182 704 2243 se
735 2182 978 2247 transferendum.

294 2263 476 2324 Philarchum
499 2263 746 2345 Centuripinum,
769 2266 897 2345 primum
922 2265 979 2325 ho·

293 2347 404 2405 minem
415 2364 540 2426 genere,
553 2348 660 2404 virtute
672 2388 680 2415 ‚
690 2346 832 2425 pecuniai,
845 2364 904 2402 non
918 2344 977 2406 hoe

294 2424 374 2483 idem
394 2421 515 2500 juratum
540 2424 637 2485 dicere
662 2422 795 2495 audistis,
821 2424 875 2482 sibi
894 2421 976 2481 istum

295 2506 445 2586 negotium
464 2502 569 2563 dedisse
584 2548 594 2576 ‚
612 2520 697 2584 atque
723 2499 903 2582 imperaville
918 2546 927 2574 ,
945 2518 977 2562 ut

293 2584 508 2665 Centuripinis,
520 2586 548 2642 in
561 2586 679 2643 civitate
690 2586 780 2643 totius
789 2580 890 2642 Siciliae
903 2581 978 2641 mul·

293 2667 324 2724 tl>
344 2667 493 2737 maxima,
514 2665 545 2724 ὃ(
560 2664 804 2744 locupletissima,
819 2682 908 2723 omne
928 2683 980 2723 ar·

292 2764 414 2836 gentum
435 2746 639 2825 conquireret,
657 2744 689 2803 &
705 2744 743 2803 ad
758 2742 786 2803 se
799 2742 980 2823 comportari

292 2826 439 2906 juberet?
468 2824 584 2905 Agyrio
610 2824 739 2884 similiter
758 2821 834 2883 illius
851 2824 953 2905 impe'
986 2820 989 2827 '

291 2906 360 2966 vasa
378 2906 529 2966 Corinthia
553 2924 606 2984 per
628 2903 868 2983 Apollodorum,
887 2924 925 2985 qu

293 2985 395 3045 testem
414 2984 547 3056 audistis,
565 2983 719 3063 Syracusas
737 2983 888 3065 deportata
900 2982 929 3045 su
960 2986 971 3001 ''
1023 3034 1031 3057 ῃ.

340 3083 385 3142 5¹·
408 3064 460 3122 Illa
474 3065 544 3123 verb
563 3069 696 3143 optima,
713 3065 812 3143 quod,
829 3086 917 3144 quum
1027 3112 1030 3149 i

294 3143 463 3206 Haluntium
485 3142 604 3203 venillet
632 3159 738 3223 praetor
757 3142 915 3204 laboriosus
1024 3156 1030 3177 ²

291 3224 418 3310 diligens
427 3265 437 3298 ,
451 3219 702 3307 ipseiuoppidum
710 3222 854 3293 accedere
861 3224 911 3287 nol
931 3224 944 3303 Ἰ
