2550 4175
391 670 644 742 Acrronra
669 669 717 739 11.
741 670 778 740 L
801 672 863 740 lV.
902 665 977 765 159

291 784 373 869 pune
388 785 517 859 emerit,
532 787 624 846 modo
634 802 665 846 ut
674 787 753 847 boni
768 790 879 849 ratione
897 805 984 851 emeb

292 870 353 939 rit,
370 867 440 927 nihil
457 890 511 948 pro
530 866 698 948 potestate,
717 869 786 927 nihil
803 870 840 936 ab
857 873 979 945 invitos

257 1013 268 1023 ,
294 948 366 1007 nihil
379 968 432 1027 per
449 946 592 1024 injuriam.
607 946 655 1007 Sic
670 967 753 1029 agam
773 951 820 1008 :si
838 951 906 1031 quid
922 970 978 1011 re·
1058 991 1061 995 -

293 1028 361 1087 nale
379 1028 477 1087 habuit
497 1027 610 1106 Hujus,
627 1030 648 1085 si
662 1028 711 1101 id,
737 1031 836 1109 quanti
853 1029 977 1091 aellima·

294 1108 369 1179 bat,
387 1110 460 1167 tanti
477 1108 632 1168 vendidit:
652 1107 753 1168 desino
764 1128 912 1189 quaerere,
927 1117 983 1172 cu'r
1027 1166 1029 1170 .

295 1208 413 1249 emeris.

337 1266 402 1331 VI.
425 1268 506 1349 Quid
520 1270 610 1352 igitur
630 1268 714 1329 nobis
732 1267 896 1329 faciendum
910 1268 982 1330 esti

297 1368 369 1407 num
382 1353 555 1432 argumentis
566 1350 706 1410 utendum
721 1352 749 1410 in
766 1370 797 1411 re
816 1346 982 1430 ejusmodi?

294 1431 488 1510 querendum·
505 1429 567 1505 est,
586 1431 697 1505 credo,
721 1429 814 1510 Heius
835 1430 886 1492 ifle
908 1451 983 1492 num

295 1531 335 1570 aes
355 1514 479 1574 alienum
495 1512 644 1585 habuerit,
659 1533 729 1571 num
748 1513 910 1571 attilionem
927 1510 978 1572 fe·.'

294 1592 367 1650 terit
379 1613 386 1650 ε
399 1595 424 1651 si
436 1592 523 1665 fecit,
548 1613 618 1651 num
635 1609 715 1651 tanta
731 1591 881 1651 difficultas
910 1607 982 1651 eum

295 1673 339 1730 rei
367 1674 532 1731 nummariae
561 1675 714 1745 tenuerit,
739 1690 820 1731 tanta
845 1670 978 1753 egestas,

294 1767 375 1809 tanta
398 1754 443 1811 vis
469 1750 662 1831 oppresserit,
681 1769 712 1809 ut
733 1751 882 1810 sacrarium
898 1750 984 1811 suuni

295 1830 454 1911 spoliaret,
479 1850 510 1891 ut
537 1830 611 1891 deos
628 1833 735 1911 patrios
756 1831 907 1891 venderet.
936 1830 982 1892 At·

294 1913 448 1972 hominem
459 1913 548 1973 video
562 1912 725 1972 audionem
742 1910 836 1972 fecille
850 1912 979 1971 nullam?

294 1992 454 2054 vendidiffe
468 2038 478 2067 ,
491 2012 596 2075 praeter
607 1992 712 2054 fruilus
726 1993 791 2052 suos
801 2038 815 2067 ‚.
825 1992 895 2053 nihil
911 2005 979 2053 um⁴

319 2096 384 2133 uam
406 2097 413 2134 ι
433 2096 495 2135 non
516 2075 607 2134 modo
625 2076 654 2134 in
674 2095 730 2134 aere
754 2073 849 2135 alieno
865 2074 945 2134 nullo
966 2098 982 2149 ⁴,

295 2094 347 2215 ded
369 2158 398 2215 in
420 2154 617 2215 suis'nummis
636 2153 733 2214 multis
755 2153 836 2228 effe,
852 2177 884 2214 ac
902 2154 980 2231 sem}
1069 2180 1076 2194 ·

295 2255 351 2318 per
361 2233 439 2296 fuisse
454 2256 461 2294 ε
481 2239 504 2294 si
519 2236 578 2296 haec
589 2235 715 2304 contria,
732 2256 764 2292 ac
783 2235 871 2306 dico,
887 2234 978 2294 ellent

297 2317 401 2374 omnia-
415 2335 424 2384 ;
440 2331 539 2374 tamen
559 2315 639 2373 illum
655 2315 737 2386 hec,
751 2333 815 2393 quae
831 2328 875 2372 tot
887 2332 985 2374 annos-

297 2396 329 2454 in
348 2394 477 2468 familia,
492 2394 610 2453 sacrario
632 2413 669 2453 ue
688 2390 830 2470 maiorum
843 2391 984 2468 fnill'ent’,

297 2476 484 2538 venditurum
503 2494 561 2534 non
579 2473 619 2533 fui
643 2494 669 2533 e.
689 2473 770 2551 Quid
788 2476 812 2533 si
831 2476 980 2555 magnitu-

297 2557 367 2616 dine
387 2557 515 2637 pecuniae
530 2553 690 2636 persuasum
708 2552 749 2612 est
766 2554 986 2616 ei?verisimile

298 2658 360 2698 non
381 2635 440 2712 est,
457 2653 488 2696 ut
505 2636 552 2696 ille
570 2636 662 2695 homo
676 2650 735 2694 tam
749 2634 878 2714 locuples
894 2680 904 2708 ‚
919 2654 981 2695 tarn

298 2717 458 2807 honestus,
479 2717 611 2800 religioni
629 2715 706 2788 suae,
727 2715 987 2796 monumentisque

298 2817 442 2878 majorum
453 2801 603 2878 pecuniam
615 2813 818 2876 anteponeret.

300 2908 304 2918 ‚
345 2898 390 2936 12.
410 2879 482 2938 Sunt
493 2877 542 2938 ista
559 2900 566 2938 :
581 2894 783 2938 verumtamen
801 2876 988 2948 abducuntur

300 2957 433 3019 homines
458 2979 676 3040 nonnumquam
695 2960 781 3017 etiam
805 2958 839 3015 ab
867 2956 986 3029 institu÷

301 3039 338 3097 tis
353 3036 406 3097 suis
422 3039 617 3120 magnitudine
638 3041 777 3118 pecuniae.
795 3037 984 3110 Videamus,

301 3134 409 3198 quanta
419 3115 468 3175 ilia
479 3122 600 3197 pecunia
610 3119 681 3190 fuit,
719 3139 760 3175 uae
778 3117 902 3194 potuerit
914 3117 981 3175 He·i

300 3196 687 3283 jum,lt0minem-maxime
741 3195 984 3276 cuplete'm‚mi‹i
