2550 4175
328 260 437 327 Pro
464 257 770 327 Aenum.
836 264 916 349 '425

230 371 353 436 voluille
366 371 514 434 concedis.
525 369 613 431 Potes
623 371 709 451 igitur
720 372 837 444 dicere,
853 387 916 430 non

230 457 260 515 ei
279 455 340 515 vim
366 451 447 513 fuisse
463 451 704 533 impedimento,
729 455 798 527 cui,
824 472 915 533 quum

231 552 372 615 cuperet,
392 554 487 613 eoque
503 530 625 591 consilio
638 530 760 593 venisset
773 578 782 605 ‚
795 552 847 613 pet
862 532 918 593 ho·

231 617 326 675 mines
354 613 469 674 coaclos
486 634 547 671 non
566 612 602 669 sit
622 610 733 671 licitum
751 612 916 673 accedere?

233 693 265 754 Si
287 696 365 754 enim
384 694 434 766 id,
451 692 532 775 quod
549 691 675 750 maxime
700 691 814 764 voluit,
835 692 916 752 nullo

233 774 328 834 modo
345 776 440 854 potuit
464 794 474 847 3
493 775 537 832 vis
552 769 687 852 profedlb
707 771 839 852 quaedam
860 771 919 831 ob·

233 853 334 914 stiterit
354 852 466 915 necesse
491 850 532 914 est
555 871 562 909 :
587 868 635 911 aut
656 868 687 911 tu
714 853 789 927 dic,
816 871 920 933 quam·

233 935 339 995 obrem
357 980 366 1011 ,
385 955 473 1019 quum
493 931 585 998 vellet
606 931 768 1009 accedere,
786 953 848 993 non
869 952 921 994 ae·

234 1013 355 1076 cefferit.

275 1114 325 1175 49.
344 1095 409 1157 Jam
424 1097 485 1155 vim
499 1092 605 1155 fallam
619 1112 729 1175 negare
738 1114 799 1154 non
812 1110 919 1175 potes:

234 1174 366 1253 dejectus
382 1173 632 1257 quemadmodum
650 1178 707 1249 sit,
726 1176 852 1255 quinon
869 1193 922 1233 ac·

236 1255 371 1329 cefferit,
387 1256 417 1317 id
437 1258 570 1338 quaeritur
583 1276 590 1314 τ
605 1254 758 1315 demoveri
774 1256 871 1326 enim,
888 1253 922 1312 δι

236 1337 345 1419 depelli
358 1336 396 1398 de
416 1338 483 1397 loco
496 1333 609 1396 necelle
625 1334 667 1395 est
684 1355 751 1396 eum
766 1380 776 1408 ,
789 1335 838 1415 qui
848 1331 924 1393 de'i·

236 1422 327 1479 ciatut
345 1438 355 1492 3
371 1418 401 1477 id
417 1433 514 1478 autem
536 1416 668 1477 accidere
685 1417 713 1476 ei
735 1416 785 1496 qui
805 1354 924 1496 potell,

236 1501 285 1581 qui
296 1499 419 1561 omnino
435 1500 465 1557 in
479 1517 517 1558 eo
528 1496 619 1569 loco,
634 1497 712 1557 unde
728 1495 759 1557 se
776 1493 923 1576 dejedlutn

235 1577 295 1641 effe
316 1580 404 1653 dicit,
421 1597 579 1659 numquam
599 1574 678 1637 fuit?
703 1576 796 1657 Qubd
816 1577 841 1638 si
853 1572 924 1637 fuis·

235 1659 300 1734 set,
320 1661 353 1721 &
371 1678 408 1722 ex
420 1680 458 1721 eo
472 1660 539 1720 loco
555 1674 665 1732 ,metu
684 1674 857 1734 permotus,
874 1656 924 1718 fu·

238 1738 341 1825 gillet,
357 1762 448 1823 quum
468 1756 595 1801 armatos
616 1735 756 1811 vidillet3
776 1736 925 1805 diceresne

237 1818 295 1883 elle
314 1818 485 1902 dejectum?
503 1819 632 1904 Opinor.
654 1817 704 1881 An
722 1831 754 1877 tu
767 1862 778 1891 ,
791 1820 845 1900 qui·
862 1833 927 1878 tam

238 1902 416 1984 diligenter,
436 1903 470 1965 δι
486 1919 548 1963 tam
570 1899 673 1961 callide
691 1898 788 1958 verbis
806 1914 929 1959 contro·

237 1986 368 2058 versiae,
386 2005 448 2046 non
461 1985 597 2065 {equitate
608 2026 618 2055 ,
630 1976 769 2059 dijudicas
788 1997 798 2050 ;
816 1978 849 2038 &
863 1976 926 2057 jura

239 2085 302 2126 non
320 2064 442 2127 utilitate
460 2062 630 2137 communi,
648 2060 697 2122 led
712 2060 812 2121 litteris
826 2058 929 2139 expri-

240 2147 317 2220 mis;
332 2143 477 2227 poterisne
488 2145 603 2216 dicere,
616 2140 759 2213 deiedlum
772 2136 828 2202 elle
838 2157 929 2214 eunt,

239 2229 289 2309 qui
306 2226 396 2288 reclus
416 2247 477 2287 nnn
494 2228 570 2286 erit?
588 2223 696 2304 Quid?
715 2218 860 2283 detrusum
881 2217 929 2277 di·

240 2327 291 2368 ces
305 2309 315 2360 l
330 2328 399 2369 nam
415 2327 452 2369 eo
466 2306 562 2366 verbo
579 2321 667 2364 antea
679 2302 856 2384 praetoresin
866 2299 929 2361 hoc

240 2387 393 2449 interdidlo
405 2391 448 2448 uti
465 2386 610 2447 solebant..
624 2383 712 2463 Quid·
719 2386 759 2444 ais
769 2387 779 2437 l
790 2378 930 2463 potestne

241 2464 357 2527 detrudi
381 2466 558 2549 quisquam,
586 2467 633 2545 qui
655 2485 715 2525 non
745 2460 931 2546 attingitur?

241 2564 364 2617 uonne,
386 2548 409 2603 si
430 2548 554 2607 verbum
580 2545 660 2624 sequi
684 2544 846 2617 volumus,
868 2544 927 2604 hoc

242 2623 436 2706 intelligamus
446 2622 559 2684 necelle
577 2622 636 2695 est,
650 2643 718 2682 eum
731 2622 866 2696 detrudi,
882 2624 930 2685 cut
1002 2680 1009 2689 ,

243 2725 347 2766 manus
366 2699 542 2762 afferantur?
564 2699 679 2760 necesse
697 2700 760 2773 cst,
784 2704 921 2782 inquamr·
935 2710 953 2725 ··

243 2788 269 2852 si
284 2784 321 2849 ad
337 2782 462 2850 verbum
474 2801 537 2851 rem
549 2779 686 2847 volumus
696 2783 859 2870 attingere,
