2550 4175
347 370 423 443 244
517 352 580 418 ΙΝ
618 353 859 420 Vanuarr

346 483 500 545 curamque
517 466 604 523 animi
620 469 800 528 remitterem
812 510 822 540 ‚
836 466 873 525 ad
889 464 1029 548 Carpina0'

346 549 379 616 tii
395 544 544 628 praelatas
560 547 671 607 tabulas
689 548 878 622 revertebar:
894 548 942 607 ubi
961 570 1028 608 cum

346 617 490 709 equitibus
507 625 651 688 Romanis
669 648 713 688 ex.
730 628 781 689 illo
802 647 951 690 conventu
972 630 1029 690 ho-

345 705 509 790 nestissimis
521 707 605 782 ,illos
614 705 786 784 Verturios,
799 709 835 769 de
850 708 950 789 quibus
959 711 1029 770 ante

344 787 427 860 dixi,
446 785 626 870 explicabam
651 810 662 868 :¹
685 811 701 848 a
718 788 899 870 Syracusanis
915 790 1029 869 prorsus

343 867 415 928 nihil
432 863 592 949 adjumenti
601 888 697 949 neque
716 870 830 951 publice
843 891 958 951 ,neque
970 874 1028 951 pri·

342 951 435 1016 vatim
452 947 673 1030 euspedabam3
692 970 786 1030 neque
807 967 868 1011 erat
886 954 1028 1012 inanimo

342 1028 499 1111 postulate.
523 1029 626 1109 Quum
650 1029 710 1088 haec
739 1050 882 1113 agerem,
905 1033 1027 1113 repente

342 1109 383 1170 ad
400 1130 448 1171 me
465 1113 548 1189 venir
567 1108 717 1170 Heraclius
736 1112 788 1185 is,
813 1114 863 1193 qui
884 1128 946 1172 tum
965 1135 1029 1173 ma·

344 1187 490 1331 Fissratum
508 1190 658 1271 Syracusis
666 1189 794 1251 habebat
808 1235 819 1265 ,
833 1193 924 1253 homo
942 1195 1028 1253 nobi·

356 1269 379 1331 ιε’
392 1282 405 1345 ,’
423 1274 472 1354 qui
486 1266 620 1332 sacerdos
637 1271 654 1332 J
657 1274 721 1331 ovis
736 1270 829 1334 fuiffet
841 1294 851 1346 3
865 1275 915 1354 qui
931 1273 1028 1334 honos

344 1350 423 1433 apud
447 1350 644 1434 Syracusanos
668 1349 709 1412 est
735 1353 951 1433 amplissimus:
971 1356 1029 1436 agit

345 1434 540 1507 mecum‚.&
558 1453 625 1493 cum
647 1431 682 1492 L.
707 1430 795 1494 fratre
814 1454 908 1507 meo,
931 1451 984 1505 ut,
1005 1438 1029 1494 si

345 1514 431 1574 nobis
451 1514 623 1584 videretur,
638 1513 782 1574 adiremus
800 1514 837 1574 ad
860 1534 961 1575 eorum
982 1514 1029 1575 se-

344 1610 446 1668 natum
462 1615 471 1654 ι
487 1593 656 1675 frequentes
677 1590 733 1656 esse
751 1596 890 1654 incuria:
910 1594 938 1653 se
955 1592 1028 1672 jussu

344 1673 458 1736 senatos
485 1697 502 1736 a
527 1676 613 1737 nobis
640 1689 768 1755 petere,
796 1691 828 1734 ut
850 1677 1027 1735 veniremus.

343 1753 443 1818 Primo
469 1756 563 1816 nobis·
583 1753 636 1814 fuit
661 1750 803 1825 dubium,
828 1753 897 1833 quid
925 1774 1028 1836 agere·

344 1857 410 1898 mus
430 1856 437 1894 ι
457 1835 564 1900 deinde
583 1832 641 1895 citi>
657 1837 738 1895 venit
757 1836 787 1893 in
803 1850 952 1909 mentem,
966 1858 1028 1896 non

346 1913 403 1978 effe
417 1918 569 1979 vitandum
587 1913 673 1977 nobis
692 1916 774 1975 illum
793 1932 971 1979 conventum
994 1917 1028 1977 &

344 1997 455 2059 locum.

348 2091 353 2099 '
387 2078 500 2141 LXII.
520 2077 620 2162 Itaque
632 2078 662 2139 in
683 2078 788 2140 curiam
800 2079 944 2141 venimus.
960 2078 1027 2141 Ho-

261 2218 263 2223 ⁴
344 2160 464 2229 onorifice
484 2159 550 2220 sane
563 2157 665 2220 consur
684 2163 741 2219 itur
758 2181 835 2220 :nos
851 2177 954 2242 rogatu
965 2181 1029 2219 ma-

344 2239 473 2323 gistratus
485 2237 645 2300 affedimus.
659 2181 764 2320 fircipir
780 2243 804 2299 is
815 2241 896 2320 loqui
909 2283 918 2312 ‚
932 2241 979 2318 qui
993 2240 1026 2298 &

343 2319 513 2381 austeritate
529 2363 538 2391 ‚
559 2320 590 2378 &
606 2335 712 2392 aetate,
733 2321 764 2379 &
775 2364 785 2389 ‚
798 2335 832 2377 ut
849 2319 919 2378 mihi
934 2316 1026 2379 visum

343 2397 406 2473 est,
427 2397 477 2458 usu
503 2418 599 2459 rerum
628 2397 844 2470 antecedebat,
873 2395 1026 2458 Diodorus

342 2476 543 2539 Timarchides
557 2498 567 2550 3
585 2475 664 2558 cujus
675 2478 768 2537 omnis
784 2479 877 2537 oratio
889 2477 961 2536 hanc
970 2479 1026 2539 ha-

343 2560 405 2618 buit
423 2559 517 2639 primo
536 2557 706 2617 sententiam
725 2579 733 2616 :
752 2556 910 2632 Senatum,
926 2581 1026 2640 popu-

343 2634 685 2719 lamquesyraeusanum
703 2636 823 2697 moleste
842 2643 1025 2720 graviterque

344 2717 419 2779 ferre
427 2752 442 2792 ·,
457 2716 536 2800 quod
550 2736 630 2800 ego,
648 2739 736 2798 quum
754 2721 783 2778 in
798 2722 899 2780 ceteris
910 2719 1025 2782 Siciliae

343 2800 505 2863 civitatibus
519 2797 668 2874 ,senatum
689 2799 888 2884 populumque
915 2800 1025 2864 docuis-
