2550 4175
371 378 634 447 Acrrorrs
658 376 706 446 Il.
729 376 851 456 Μ
903 387 979 482 325

294 493 409 554 mittent
421 490 534 551 accedit
550 489 749 553 Timarchides
766 512 775 551 ε
795 491 917 553 elocuti
927 510 979 564 ne·

294 592 346 655 gat
362 575 391 634 ei
407 570 464 632 effe
482 570 644 652 periculum
660 593 668 630 ι
683 574 770 653 virgis
785 593 823 633 ne
846 573 979 631 caedere·

294 672 362 727 tur,
383 669 485 713 monet
502 668 537 709 ut
560 668 672 712 caveat.
683 650 741 711 Ne
759 652 867 724 multa,
884 651 977 731 ipsum

294 734 395 794 dicere
412 730 629 792 adolescentem
644 730 781 804 audistis,
795 731 825 791 se
842 732 884 804 ob·
899 733 978 791 hunc
1027 769 1031 775 -

294 817 443 894 virgarum
455 828 566 873 metum
575 816 730 893 pecuniam
738 810 918 872 Tmamidi
926 832 979 872 nu-

292 891 424 955 meratle.
974 909 976 916 ·

295 1041 301 1047 ¹
339 991 407 1051 1¹7·
425 972 516 1033 Levia
534 970 598 1032 sunt
617 972 679 1034 haec
696 974 726 1033 in
744 972 801 1032 hoc
816 990 868 1032 reo
881 971 980 1030 crimi-

293 1074 332 1114 na
350 1070 489 1113 :metum
508 1055 652 1135 virgarum
674 1053 834 1115 navarchus
853 1051 979 1111 nobilis*-

294 1136 373 1194 simae
391 1134 513 1194 civitatis
525 1136 628 1272 dumio
643 1135 767 1195 redemit
781 1134 977 1205 ;humanumt

293 1214 389 1287 alius,
412 1233 450 1274 ne
466 1234 524 1273 con
545 1230 729 1288 emnaretur,
745 1215 901 1294 pecuniam
921 1211 978 1272 de·

294 1293 358 1367 dit;
374 1295 511 1353 usitatum
523 1292 564 1353 est
582 1314 591 1351 z
609 1314 671 1353 non
689 1293 751 1354 uult
770 1292 896 1371 populus
912 1290 978 1350 Ro·

294 1394 396 1436 manus
413 1372 551 1446 obsoletis
569 1372 735 1447 criminibus
750 1368 873 1431 accusari
893 1369 978 1429 Ver·

292 1475 356 1515 rem
372 1475 380 1513 ι
395 1474 476 1514 nova
495 1450 641 1533 pullulat,
665 1451 792 1512 inaudita
811 1449 978 1510 desiderate

293 1556 355 1596 uon
374 1534 412 1595 de
430 1549 554 1615 praetore
574 1531 697 1605 Siciliae,
716 1530 766 1592 sed
783 1530 820 1596 de
837 1528 978 1590 crudelis-

294 1618 370 1676 simo
383 1631 509 1695 tyranno
521 1611 583 1674 fieri
599 1609 736 1693 judicium
753 1611 915 1671 arbitratur.

296 1749 299 1754 .
334 1693 441 1756 XLV.
471 1692 659 1755 Includuntur
684 1697 714 1754 in
737 1712 880 1753 carcerem
900 1711 978 1752 cott-

294 1774 424 1836 demnati
443 1773 633 1856 :supplicium
651 1772 829 1835 constituitur
841 1775 874 1832 in
886 1771 952 1832 illos
967 1791 977 1831 e

293 1854 410 1928 sumitur
436 1853 474 1914 de
500 1853 607 1914 miseris
627 1855 794 1933 parentibus
812 1851 977 1924 navarcho,-

293 1956 382 1996 rum:
405 1934 594 2016 prohibentur
612 1932 690 1992 edire
707 1931 744 1991 ad
761 1931 837 1991 filios
851 1952 858 1989 ι
873 1930 978 2010 probi·-¹

293 2016 400 2077 bentur
412 2015 509 2074 liberis
521 2011 575 2071 suis
587 2012 681 2072 cibum
694 2005 850 2083 ,vestitum
872 2028 908 2082 ue
919 2008 979 2072 feu·

293 2118 337 2158 re.
356 2095 456 2154 Patres
475 2094 528 2166 hi,
554 2113 628 2174 quos
646 2091 774 2165 videtis,
798 2030 931 2166 jacdlrant
948 2091 979 2149 in

294 2177 395 2237 limine
408 2220 417 2249 ‚
429 2172 592 2253 matresque
600 2173 708 2233 miserae
724 2169 931 2253 pernodlabant
942 2167 980 2229 ad

295 2255 399 2316 ostium
426 2257 574 2328 carceris,
598 2253 634 2312 ab
666 2271 798 2314 extremo
822 2251 979 2331 complexu

296 2337 420 2399 libenlm
438 2334 556 2396 exclulae
571 2355 653 2415 :quae
665 2333 733 2393 nihil
746 2332 821 2394 aliud
836 2333 958 2392 orabant
966 2375 980 2402 ,

295 2420 349 2479 nisi
359 2435 390 2477 ut
406 2415 532 2477 filiorum
543 2434 706 2476 extremum
720 2413 846 2495 spiritum
863 2433 914 2473 ore
930 2433 981 2473 ex·

294 2501 392 2575 ‚cipere
406 2498 458 2557 sibi
467 2497 577 2558 liceret.
595 2495 708 2555 Aderat
718 2498 824 2575 janitor
837 2495 955 2553 carceris
968 2537 978 2567 ‚

299 2576 425 2636 carnifex
437 2579 566 2658 praetoris
579 2620 589 2648 ,
603 2597 682 2635 mors
696 2593 867 2655 ‚terrorque
882 2573 978 2635 socio-

297 2676 361 2715 rum
374 2655 405 2715 &
422 2659 529 2717 civium
541 2703 550 2730 ,
562 2654 643 2716 lidor
653 2655 756 2717 Sestius
769 2678 778 2729 ;
792 2658 837 2716 cui
850 2655 980 2715 exomni

297 2737 427 2816 gemitu,
445 2735 607 2816 doloreque
629 2754 708 2795 certa
723 2755 834 2795 merces
853 2756 979 2814 compa-

296 2815 411 2875 rabatur
429 2836 435 2871 ι
456 2815 498 2873 Ut
516 2816 622 2889 adeas,
643 2831 754 2873 tantum
776 2814 855 2872 dabis
870 2836 876 2873 :
894 2832 924 2873 ut
939 2816 979 2873 ci·

295 2897 369 2971 bum
386 2895 440 2957 tihi
451 2895 526 2955 iutro
539 2894 614 2957 ferre
628 2894 734 2970 liceat,
748 2911 858 2955 tantum
869 2916 877 2955 r
888 2914 980 2956 tremo
