2550 4175
395 391 657 462 Acrronrs
679 388 728 459 ΙΙ.
751 389 790 458 L.
814 388 879 458 III.
931 365 980 483 87

299 519 384 578 mm,
399 521 461 564 tam
482 506 677 565 nummariam
697 502 763 565 sore
782 499 884 585 putasti
898 546 908 575 ‚
923 522 984 583 quo

301 604 339 646 ex
361 581 472 665 judicio
497 602 531 645 te
545 584 604 644 ulia
621 582 703 645 Salus
725 583 837 645 servare
859 580 983 665 posset?

320 686 390 725 uum
409 665 527 746 planum
543 662 653 737 steret,
674 664 802 725 decumis
822 665 986 725 contra'in-

296 686 393 805 situm
403 789 413 818 ,
425 745 504 827 leges
512 790 527 817 ,
540 743 840 827 consuetudinemque
850 746 983 805 omnium

298 825 447 898 venditis,
469 828 500 885 in
518 843 667 886 aratorum
683 826 791 899 bonis,
808 825 984 907 sermnisque

298 905 465 987 diripiendis
483 905 663 969 decumanos
688 903 824 967 diffltaffe
846 926 909 969 tuas
926 904 983 967 esse

296 1004 417 1067 partes,
430 994 511 1047 tuam
524 1008 588 1049 tem
600 1032 610 1062 ,
624 1004 704 1047 tuam
719 987 847 1069 praed'am
868 1007 876 1045 z
895 988 983 1068 idque

296 1082 328 1136 te
347 1065 487 1141 tacuiffc,
512 1068 567 1142 &‚
591 1087 681 1148 quum
700 1067 889 1128 dissimulare
922 1087 984 1127 raon

319 1144 563 1229 esses.,'potuiffe
582 1165 683 1208 tamen
705 1151 842 1230 perpeti,
863 1148 895 1207 &
916 1167 986 1228 pet·

295 1168 397 1301 serre,
421 1227 504 1309 qued·
530 1227 700 1309 magnitudo
727 1229 801 1288 sueti·
818 1226 985 1288 obscuraret

296 1308 419 1389 periculi
434 1308 687 1391 magnitudinem,
700 1307 819 1389 plusque
838 1308 984 1397 aliquante

296 1387 376 1467 apud
394 1404 426 1450 te
445 1390 577 1470 pecuniae
595 1383 760 1469 cupiditas,
777 1386 865 1469 quim
884 1386 986 1467 judicii

295 1484 418 1542 metus,
435 1467 556 1547 posset?
955 1509 958 1515 -

295 1547 646 1710 nerplpdliqsltpdpipepppp
656 1563 984 1718 rzffiaddmnsezsissub

295 1709 356 1770 hoc
372 1708 467 1791 posses
485 1709 602 1782 dicere,
611 1709 682 1769 nihil
694 1728 798 1770 eorum
811 1727 845 1770 te
856 1706 987 1783 audisse,

293 1790 367 1849 nihil
381 1789 419 1849 ed
436 1806 500 1850 tuas
517 1810 604 1852 aures
614 1789 655 1850 de
669 1789 791 1851 infamia
806 1806 856 1851 tua
874 1808 981 1871 perve-

295 1868 381 1929 nisse..
396 1868 604 1948 Querebantur
624 1869 805 1942 cumdud‘tu,
821 1872 854 1931 &
872 1872 986 1952 gemitu

296 1965 436 2009 aratores.
450 1948 500 2008 Tu
514 1950 544 2007 id
558 1948 730 2009 nesciebas!
747 1949 902 2010 Fremebat
918 1965 986 2009 tota·

297 2025 460 2110 pruvincia.
474 2026 573 2089 Nemo
592 2027 622 2086 id
637 2029 692 2086 tibi
700 2029 882 2090 renuntiabat
893 2028 905 2089 i
918 2028 986 2091 Ro·

296 2130 354 2170 mae
369 2110 556 2190 querimonia
574 2109 616 2170 de
629 2112 685 2168 tuis
702 2107 835 2188 injuriis,
852 2130 986 2172 conven-

295 2190 404 2272 rusque
413 2190 605 2250 habebantur.
653 2190 854 2251 notabasbaec
869 2190 881 2250 i
897 2193 984 2272 igno·

294 2273 387 2331 tabas.
400 2271 463 2330 haec
488 2273 587 2330 omnia
600 2269 617 2330 i‘
667 2270 716 2330 uid
737 2274 748 2324 i
772 2292 861 2352 quum
884 2273 985 2352 palam

295 2350 447 2433 Syracusis
458 2395 472 2422 ,
479 2369 512 2411 te
528 2351 664 2411 audiente
675 2395 685 2424 ‚
696 2353 824 2410 maximo
834 2370 987 2412 conventu

294 2430 467 2492 PeRubtins
483 2431 527 2511 Q.
540 2430 707 2511 Apronium
721 2431 877 2513 sponsione
888 2431 983 2494 laces*

294 2513 389 2582 sivit,
402 2514 447 2571 Nc
456 2515 603 2591 Apronius
610 2514 745 2571 difficeret
757 2555 768 2585 ‚
785 2531 810 2571 te
822 2515 875 2572 sibi
892 2515 922 2571 in
933 2515 986 2571 de·

293 2595 383 2652 cumis
399 2589 452 2670 effe
460 2592 567 2672 fhcium
582 2592 663 2650 :haec
676 2609 706 2652 te
724 2613 785 2653 vox
804 2614 865 2654 non
877 2614 986 2673 percu·

294 2670 354 2732 iit?
380 2692 444 2731 non
470 2673 674 2754 perturbavit?
697 2694 780 2746 non,
806 2691 838 2732 ut
866 2674 952 2752 capiti
973 2722 987 2749 ‚

294 2750 475 2812 &fortunis
500 2756 558 2812 tuis
579 2751 760 2833 prospiceres
783 2799 792 2826 ,
824 2755 982 2814 excitavit.>

295 2828 423 2890 Tacuisti
441 2853 450 2889 ε
467 2831 573 2892 sedasti
584 2837 673 2893 etiam
697 2833 760 2892 lites
784 2834 898 2894 illorum
918 2855 926 2892 t
950 2834 983 2892 dt

294 2910 414 2990 sponde
429 2911 525 2973 illane
538 2911 623 2973 fieret
635 2957 645 2986 ‚
658 2910 803 2973 laborasti.
