2550 4175
366 712 978 803 MNWMHLWrw

294 847 382 909 agere
396 845 558 909 oporteret.
578 828 682 909 Quare
696 851 756 889 non
776 829 898 901 dubito,
915 847 978 908 quo

293 911 392 968 animo
401 906 580 987 judexhujus
590 911 715 969 criminis
723 908 778 969 elle
788 909 894 969 debeas
907 909 977 989 ,qui

294 989 373 1069 apud
393 989 480 1049 alium
499 985 626 1049 'uditem
642 988 733 1048 multo
753 991 845 1050 acrior
860 1034 869 1060 ,
887 988 976 1070 quim

293 1089 351 1151 ego
367 1068 448 1141 sum,
467 1008 547 1130 atior
557 1066 761 1152 accusatorque
772 1067 829 1129 elle
841 1070 977 1129 deberes.

335 1147 488 1210 XXXII.
508 1149 604 1210 Vobis
623 1168 721 1209 autem
733 1195 742 1223 ,
753 1147 890 1221 ludices,
945 1148 976 1208 'd

294 1227 353 1288 hoc
374 1230 541 1313 indignius,
562 1246 610 1291 aut
625 1230 694 1313 quid
716 1232 810 1291 minus
822 1170 975 1290 fereniiiin

294 1310 389 1371 videri
403 1310 525 1392 potest?
541 1310 685 1374 Verresne
700 1311 818 1372 habebit
829 1311 910 1371 domi
920 1308 977 1370 suae

293 1390 497 1452 candelabrum
509 1391 593 1453 lovis
602 1392 719 1474 Optimi
731 1393 851 1453 Maximi
861 1412 878 1452 e
889 1411 978 1474 gem·

293 1474 348 1531 mis
359 1494 487 1554 auroque
498 1472 659 1554 perfeihsm
670 1474 682 1533 ἒ
697 1472 777 1549 cujus
786 1471 901 1554 fulgore
915 1472 978 1532 col·

293 1551 390 1614 lucere
401 1599 411 1628 ,
422 1571 507 1636 atque
517 1552 646 1613 illustrari
657 1553 672 1615 J
674 1555 739 1614 ovis
749 1552 867 1634 Optimi
880 1552 978 1611 Maxi-

294 1634 336 1691 mi
348 1636 490 1713 templum
508 1634 691 1713 oportebat,
707 1633 737 1692 id
754 1633 830 1713 apud
847 1630 976 1692 illumin

294 1709 437 1786 ejusmodi
446 1716 587 1773 conviviis
594 1710 979 1792 constituetur,quaedomes·

293 1794 357 1852 ticis
378 1791 478 1874 stupris
488 1791 604 1873 flagitiis
620 1812 657 1853 ue
667 1791 847 1875 flagrabunt?
860 1794 890 1851 in
901 1789 977 1852 illius

292 1872 409 1933 lenonis
431 1874 587 1954 turpissimi
599 1813 715 1947 lom,
738 1872 822 1933 simul
840 1892 907 1932 cunr
929 1891 979 1932 ce·

293 1955 363 2014 teris
382 1951 554 2015 Chelidonis
573 1954 750 2017 hereditariis
772 1955 977 2027 ornamentis,

294 2031 435 2116 Capitolii
447 2045 617 2096 ornamenta
628 2035 800 2118 ponentur?
813 2034 897 2117 Quid
910 2034 978 2095 huit

292 2114 362 2177 sacti
371 2136 508 2199 umquam
516 2115 600 2192 fore,
612 2134 660 2177 aut
672 2117 741 2200 quid
754 2115 837 2178 luisse
848 2117 975 2256 relipiosi

292 2200 420 2281 putatis,
433 2201 481 2281 qui
494 2218 571 2258 nunc
586 2214 670 2260 tanto
687 2197 795 2258 scelere
810 2197 839 2258 se
852 2198 892 2257 ob
918 2199 977 2256 ric·

293 2295 358 2339 tum
371 2276 427 2340 elle
445 2300 505 2339 non
522 2278 650 2339 sentiat?
669 2281 718 2358 qui
733 2281 762 2337 in
773 2276 910 2356 judicium
921 2296 977 2337 ve·

295 2359 358 2419 niat
371 2403 381 2432 ,
393 2359 443 2418 ubi
459 2378 497 2420 ne
510 2360 619 2440 precati
635 2358 754 2439 quidem
766 2358 874 2418 lovem
886 2356 978 2438 Opti·

294 2458 377 2499 mum
397 2438 582 2513 Maximum,
608 2456 696 2521 atque
723 2438 760 2498 ab
781 2458 819 2501 eo
842 2438 978 2499 auxilium

288 2537 398 2603 petere
413 2540 497 2582 more
516 2524 648 2583 omnium
665 2520 756 2601 possit
766 2521 780 2582 ἓ
791 2540 876 2602 aquo
888 2521 977 2580 etiam

294 2600 336 2660 dii
350 2602 528 2662 immortales
542 2601 591 2663 sua
602 2617 738 2682 repetunt
751 2603 781 2660 in
793 2620 830 2662 eo
848 2598 979 2680 judicio,

294 2681 378 2763 quod
402 2681 566 2742 hominihus
591 2683 628 2742 ad
651 2680 712 2743 suas
737 2701 783 2743 tes
805 2683 979 2764 repetendas

295 2761 337 2822 est
350 2761 536 2823 constitutum
551 2761 563 2822 l
576 2762 716 2823 Miramur
729 2760 853 2823 Athenis
867 2763 980 2822 Miner·

294 2863 387 2917 vam,
408 2841 479 2904 Deli
504 2843 695 2924 Apollinem,
716 2842 861 2904 Junonem
880 2842 980 2916 Sarni,

296 2919 394 3005 Pergae
414 2921 564 2999 Dianam,
583 2926 691 2986 multos
710 2942 849 3004 praeterea
869 2925 904 2984 ab
923 2923 978 2984 isto

297 3000 371 3061 deos
384 3004 449 3063 toti
465 3004 558 3079 Asia,
576 3002 749 3086 Graeciiqtte
767 3006 915 3080 violatos,
929 3007 980 3085 qui
1068 3036 1077 3047 ν

297 3079 473 3222 30ῗὶιώἱο
487 3106 588 3144 manus
602 3085 742 3145 abstinere
753 3106 813 3145 non
830 3087 979 3167 potuerit?

297 3180 357 3241 quo
391 3166 495 3244 privati
510 3165 644 3226 homines
661 3165 699 3224 de
712 3163 765 3223 suis
783 3169 912 3246 pecuniis
926 3186 980 3224 or-

297 3257 369 3307 nant
378 3284 389 3319 ,
407 3247 591 3327 ornaturique
608 3245 693 3322 sunt,
708 3245 739 3306 id
756 3241 795 3306 C.
812 3246 921 3385 ἴςπεε
933 3244 978 3316 ab

846 3347 877 3385 rr
