2550 4175
378 605 628 674 Acrsonss
651 605 699 673 11.
723 604 760 674 L.
783 608 846 675 JV.
887 607 961 700 167

275 719 328 781 ila
347 740 433 791 crux,
449 721 479 778 in
497 739 584 798 quarn
599 720 693 778 civem
712 717 877 780 Romanum
892 720 964 797 iste,

277 799 380 868 multis
398 795 641 878 inspediantibus,
656 795 782 859 sustulit:
803 821 889 882 quam
903 822 965 863 non

277 878 363 948 ausus
376 877 417 943 est
435 876 552 960 usquam
571 876 696 1017 defifere
711 922 721 951 ‚
739 881 818 940 nisia
840 882 879 941 ud
889 902 964 955 eos,

277 958 451 1042 quibuscum
468 961 567 1019 omnia
580 958 625 1020 sce
637 978 688 1020 era
697 957 762 1033 sua,
772 981 804 1020 ac
816 903 966 1025 iatrocinia

280 1036 528 1108 sommumcasset.
959 1083 961 1088 .

326 1118 388 1180 xl.
410 1118 568 1180 Laudatum
595 1119 682 1179 etiam
710 1140 766 1180 vos
791 1139 967 1203 quemquam

282 1202 388 1263 uenire
404 1198 534 1262 audetis?
554 1200 611 1293 qud
628 1197 821 1260 aufioritate?
845 1205 941 1261 utrum
954 1245 967 1275 ‚

286 1300 375 1362 quam
382 1279 459 1361 apud
467 1278 641 1340 senatorium
651 1279 784 1342 ordinem
795 1325 804 1355 ,
814 1302 850 1341 an
862 1302 969 1364 ‚quam

285 1371 313 1424 ι’
325 1360 369 1421 ud>
382 1358 523 1443 populum
534 1359 703 1420 Romanurn
714 1362 820 1423 habere
832 1362 968 1423 debetis?

314 1462 395 1523 cquae
415 1443 515 1503 civitas
532 1437 596 1512 est,
612 1437 674 1501 non
686 1442 780 1502 modo
796 1445 826 1501 in
844 1445 970 1523 provin·

284 1523 338 1585 ciis
352 1518 475 1594 nostris,
490 1522 593 1580 verum
606 1522 694 1580 etiam
711 1524 741 1581 iu
758 1522 863 1582 ultimis
874 1526 971 1582 natio·

286 1601 373 1666 nibus
387 1643 397 1672 ,
416 1616 465 1659 aut
481 1615 541 1659 tam
560 1615 689 1678 potens,
712 1619 761 1660 aut
783 1618 842 1660 tam
859 1604 969 1676 libera,

285 1697 339 1740 aut
357 1680 446 1740 etiam
467 1694 529 1736 tam
546 1679 696 1752 immanis,
712 1702 745 1739 ac
762 1680 880 1741 barbara
896 1704 971 1744 :rex

287 1761 418 1841 denique
435 1759 531 1837 ecquis
551 1754 613 1830 est,
629 1760 678 1838 qui
694 1757 856 1820 senatorem
870 1765 972 1844 populi

288 1841 418 1915 Romani
428 1837 529 1907 tedio,
547 1859 582 1898 ac
601 1836 694 1898 domo
711 1861 771 1901 non
786 1843 909 1918 invitet,
943 1848 972 1906 ui

288 1922 386 1986 honos
411 1940 472 1981 non
503 1918 614 1977 homini
637 1917 730 1980 solum
754 1921 896 1998 habetur,
922 1866 973 1984 sed

288 2003 415 2084 primum
431 1998 542 2080 populo
560 1998 719 2075 Romano,
733 1999 813 2082 cujus
826 2002 973 2065 beneficio

289 2105 347 2147 tros
369 2084 399 2143 in
418 2081 494 2142 hunc
521 2078 656 2141 ordinem
686 2086 845 2143 venimus:
866 2083 974 2144 deinde

288 2164 402 2225 ordinis
430 2159 614 2232 auuorirati,
639 2180 704 2240 quae
730 2165 784 2220 nisi
804 2164 898 2242 gravis
921 2166 976 2222 erit

289 2242 372 2325 apud
387 2240 500 2314 socios,
515 2259 602 2321 arque
623 2258 736 2300 exteras
759 2244 911 2312 nationes,
926 2242 977 2300 ubi

290 2325 349 2387 erit
365 2322 478 2403 imperii
496 2341 606 2381 nomen
623 2322 656 2381 ὃ(
672 2319 817 2400 dignitas?
842 2318 978 2379 Mamer*

291 2406 349 2469 tini
362 2421 410 2464 me
423 2400 534 2482 publice
550 2423 611 2461 non
622 2403 778 2460 invitarunt
795 2421 802 2458 :
822 2421 870 2460 me
887 2420 977 2481 quum

289 2485 365 2544 dico
379 2529 391 2555 ,
403 2482 470 2542 leve
485 2479 536 2540 est.
552 2480 724 2542 Senatorem
736 2481 837 2561 populi
851 2481 978 2541 Romani

289 2567 404 2625 sinon
426 2563 647 2634 invitaverunt,
674 2562 818 2622 honorem
846 2563 978 2622 debiturn

290 2644 500 2714 detraxerunt,
510 2662 571 2700 non
582 2642 693 2701 homini
705 2686 714 2714 ‚
724 2641 773 2702 sed
784 2643 887 2703 ordini.
901 2643 977 2704 Nam

290 2726 305 2786 i
329 2728 352 2785 si
369 2722 467 2784 Tullio
485 2720 604 2802 patebat
617 2723 721 2782 domus
737 2724 977 2802 locupletissima,

292 2748 334 2867 g
347 2805 520 2887 amplissima
531 2799 588 2863 Cn.
605 2801 737 2882 Pompeii
747 2803 870 2864 Basilisci
881 2849 890 2876 ‚
902 2806 978 2883 qno,

292 2888 388 2948 etiam
405 2888 428 2945 si
437 2882 508 2944 esset
524 2884 780 2943 invitarusavobis
795 2924 804 2952 ,
818 2903 917 2943 tamen
928 2885 980 2944 de·

292 2962 448 3029 nerriffet:
467 2979 528 3024 erat
550 2966 637 3022 etiam
663 2962 907 3036 Percenniorum,
931 2967 980 3043 qui

299 3065 379 3106 nunc
399 3046 469 3104 item
490 3041 622 3123 Pompeii
637 3043 722 3114 sunt,
751 3043 855 3102 domus
875 3041 982 3103 hones·-
1000 3084 1012 3093 κ

294 3126 409 3193 tissima
423 3144 434 3199 3
461 3121 519 3202 quo
538 3121 573 3183 L.
590 3122 679 3186 staret
696 3143 778 3186 meus
791 3116 956 3195 summam·
1092 3186 1109 3253 ,ἲ

919 3284 923 3327 r
