2550 4175
384 386 460 456 -166
544 386 605 450 IN
642 388 889 455 VERREM
941 389 978 450 “.

404 518 471 558 uum
490 496 588 558 consul
603 492 717 567 fuisset,
733 494 957 559 condemnatus
970 496 1024 560 est:
1034 498 1065 559 ita

413 621 421 637 .
433 576 510 638 Cato
522 623 531 650 ‚
543 578 666 637 duorum
675 575 829 636 hominum
847 578 1067 640 clarissimorum

383 678 494 739 nepos,
505 658 539 717 L.
550 655 645 730 Pauli,
657 656 689 715 &
700 654 744 713 Μ.
752 652 901 733 Catonis,
913 661 949 720 &
963 659 999 721 P.
1007 658 1069 720 Alii·

378 731 446 828 'fani
464 737 568 799 sororis
593 736 665 798 filius
683 757 690 796 :
711 756 771 816 quo
795 736 978 816 damnato,
997 759 1068 813 mm,

383 840 472 899 quum
494 818 593 880 se'vera
610 815 714 897 judicia
733 813 870 892 fiebant,
887 820 967 882 ihs
989 837 1069 882 xvnl

379 899 510 960 millibus
532 899 566 958 lis
583 897 719 960 aestimata
736 893 800 956 est:
820 897 890 959 huic
909 901 1071 962 Mamertini

383 973 866 1059 iratifuerunt3quimajoremsum
889 980 1071 1062 tummim,

382 1063 483 1139 quami
497 1057 618 1120 Catonis
635 1059 669 1118 lis
686 1054 854 1119 aestimatae
892 1103 905 1134 ,
921 1063 955 1122 in
968 1061 1072 1122 Timar·

383 1139 474 1198 chidis
490 1140 642 1219 prandium
659 1136 732 1217 sapi
749 1136 898 1202 fecerunt.

380 1271 384 1278 ,
428 1238 476 1298 23.
498 1220 611 1280 Verlim
624 1219 685 1278 haec
701 1219 800 1277 civitas
816 1216 864 1278 isti
874 1217 1014 1299 praedoni
1025 1263 1034 1292 ,
1046 1236 1070 1276 at

385 1300 485 1379 piratae
503 1300 643 1362 Siciliensi
659 1294 782 1358 Phaselis
802 1295 883 1359 fuit:
902 1299 964 1360 huc
987 1299 1071 1360 onmia

386 1380 514 1462 undique
536 1380 786 1461 deportabantu13
805 1377 889 1460 apud
908 1377 982 1440 istos
998 1379 1073 1440 relin-

386 1462 569 1539 quebantur:
587 1461 667 1542 quod
686 1458 772 1519 celari
784 1480 803 1519 o
828 1479 863 1519 us
880 1477 974 1532 erat,
990 1459 1073 1520 habe·

386 1539 458 1601 bam
473 1541 649 1620 sepositum,
665 1561 698 1599 ac
708 1480 897 1610 recontiimm
911 1561 988 1622 :per
1000 1537 1072 1612 istos,

386 1640 453 1699 quae
461 1622 582 1682 volebat
594 1666 603 1694 ,
615 1622 644 1678 in
660 1640 765 1680 navem
784 1619 863 1680 clam
876 1619 1072 1703 imponendi,

390 1700 503 1759 occulti
523 1699 702 1780 exportanda
714 1701 832 1759 curabat
845 1721 853 1760 ε
871 1722 991 1763 navem
1002 1701 1073 1762 deni·

381 1797 446 1917 fue
473 1784 651 1855 maximam,
674 1801 762 1861 quam
787 1777 932 1843 onustam
955 1781 1071 1842 funisii

388 1859 501 1932 *taliam
527 1863 685 1932 mitteret,
713 1859 791 1941 apud
813 1858 885 1922 istos
918 1861 1071 1924 faciendam

387 1939 644 2023 aedificandamque
661 1943 770 2001 curavit
791 1960 798 1999 τ
821 1962 880 2023 pto
898 1941 981 2004 hisce
1001 1941 1070 2003 rebus

385 2025 506 2099 *vacatio
524 2023 591 2083 data
608 2020 649 2084 est
666 2020 768 2082 abillo
785 2018 926 2103 sumpn'ls
940 2023 1070 2101 ,labem

384 2105 516 2175 militiae,
526 2126 623 2165 rerum
632 2104 756 2184 denique
765 2104 922 2165 omnium:
935 2106 1071 2189 pertriti*

366 2248 371 2254 ,
386 2187 469 2245 nium
485 2184 536 2245 soli
557 2206 617 2245 non
632 2183 720 2245 modi)
732 2185 762 2243 in
773 2181 897 2259 Sicilia,
915 2188 1070 2259 verinum

385 2267 491 2343 ¹opinio
508 2285 574 2325 mea
588 2264 644 2325 fert
655 2310 665 2338 ,
676 2265 719 2323 his
731 2262 851 2343 quidem
872 2266 1069 2347 temporibus,

384 2344 420 2403 in
437 2347 517 2403 omni
534 2346 606 2405 orbe
622 2362 782 2413 terrarum,
795 2344 909 2419 vacui,
928 2367 946 2407 e
989 2362 1069 2414 enei,

388 2420 497 2496 soluti,
516 2447 548 2486 ac
564 2426 647 2486 liberi
659 2425 774 2486 fuerunt
786 2423 824 2484 ab
843 2428 935 2487 omni
967 2440 1070 2507 umptui

389 2504 547 2577 molestii,
566 2527 698 2567 munere.
1058 2546 1064 2559 .-

389 2628 392 2637 .
432 2603 480 2658 24.
498 2586 574 2646 Hinc
591 2587 639 2647 illa
656 2587 769 2647 Verrea
778 2599 848 2644 nata
859 2582 931 2647 sunt
951 2606 960 2647 ε
979 2582 1071 2647 himin

389 2668 558 2740 ¹convivium
572 2665 639 2727 Sex.
653 2665 824 2729 Cominium
838 2668 980 2755 protrahi
990 2664 1072 2749 jusi,

390 2744 419 2803 in
431 2766 519 2825 quem
536 2747 677 2828 scyphum
692 2747 727 2809 de
740 2766 828 2805 manu
847 2767 955 2826 jacere
968 2760 1072 2809 conam

387 2822 432 2883 est
444 2846 451 2884 :
464 2847 552 2907 quem
565 2829 684 2889 obtorti
716 2827 762 2887 ulai
773 2826 810 2886 de
823 2831 978 2891 convivio
987 2831 1016 2891 in
1026 2828 1073 2886 vin·

390 2906 473 2982 cula,
487 2924 574 2991 atque
590 2911 619 2971 in
631 2848 766 2971 teneinas
783 2906 879 2990 abripi
894 2906 985 2991 jussit
1000 2932 1008 2971 :
1024 2910 1072 2969 hine
