2550 4175
239 419 242 423 ,
317 360 573 430 Acrronrs
598 364 646 433 ΙΙ.
678 363 724 433 L..
746 370 787 436 V.
825 373 899 442 261

201 475 357 549 ¹unione,
381 479 563 553 concordia-3
582 480 615 540 ὃ(
632 500 722 563 quum
741 481 796 561 ipsi
816 480 903 543 Siculi

221 577 268 618 res
290 556 351 616 suns
376 559 417 618 ita
443 557 609 620 constitutas
637 561 785 635 habeant,
810 580 842 622 ut
861 563 904 623 his

221 657 326 720 pacem
340 639 476 717 expediat
485 639 543 702 effe
558 661 564 700 :
577 643 730 721 imperium
743 660 838 702 aurem
850 665 907 725 po·

221 718 283 799 puli
296 717 425 778 Romani
444 722 484 780 sic
505 722 623 802 diligant
636 766 647 794 ‚
662 737 694 780 ut
709 721 738 780 id
756 724 907 800 imminui,

222 816 272 862 aut
289 803 461 860 commutari
480 801 597 861 minime
621 801 738 862 velint:
759 823 905 885 quumque

222 878 283 940 haec
302 880 341 940 ab
360 878 510 941 servorum
526 882 605 943 bello
621 881 768 963 pericula,
784 885 815 942 δι
831 903 905 963 prae·

223 976 322 1021 torum
333 957 486 1036 institutis,
497 964 529 1022 δι
546 964 730 1024 dominorum
742 963 908 1045 disciplind,

225 1040 341 1122 provisa
358 1042 414 1101 sint
433 1064 440 1101 ς
461 1044 569 1103 nullum
583 1044 691 1105 malum
709 1043 748 1105 esl
767 1044 908 1105 domesti-

225 1141 314 1195 cum,
330 1121 411 1202 quod
429 1142 465 1183 ex
480 1125 537 1205 ipsa
547 1129 696 1206 provincia
715 1124 790 1185 nasci
803 1129 908 1207 possit.

267 1219 299 1280 9.
317 1201 401 1281 Quid
417 1204 522 1342 qqitur?
536 1205 644 1266 nulline
660 1222 757 1266 motus
770 1208 799 1264 in
813 1206 909 1267 Sicilia

226 1278 376 1342 servorum
391 1328 402 1355 ,
450 1305 513 1345 erre
528 1302 652 1364 praetore
666 1294 676 1343 ἓ
691 1286 814 1346 nullaene
836 1307 910 1346 ron-

227 1361 373 1423 sensiones
391 1362 471 1424 fade
488 1363 544 1425 esse
561 1366 692 1425 dicuntur
707 1367 719 1429 s
733 1366 803 1424 nihil
823 1363 911 1439 sane,

228 1442 311 1523 quod
322 1443 359 1504 ad
368 1442 498 1504 senatum
509 1491 519 1519 ,
533 1447 733 1526 populumque
743 1444 910 1505 Romanum

228 1527 412 1664 pervenerit:
427 1525 521 1601 nihil,
539 1526 621 1608 quod
634 1524 690 1585 *iste
711 1524 839 1585 Romam
855 1547 913 1607 pu·

252 1602 306 1664 lice
317 1604 513 1686 conscripserit
531 1608 583 1668 z&
596 1624 696 1667 tamen
714 1621 841 1686 coeptum
855 1604 913 1668 esl'e

231 1686 262 1744 in
271 1682 366 1746 Sicilia
377 1690 491 1748 moveri
502 1688 612 1770 aliquot
618 1689 689 1749 locis
701 1686 847 1748 servitium
857 1686 914 1748 sus-

231 1766 316 1858 picor
334 1787 341 1825 z
359 1766 391 1825 id
408 1768 485 1829 adeo
503 1791 564 1828 non
580 1787 641 1829 tam
657 1790 692 1829 ex
712 1789 743 1829 re
756 1813 766 1840 ,
778 1768 864 1850 quim
876 1788 914 1830 ex

230 1842 308 1905 rstius
321 1845 421 1920 fanis,
441 1848 620 1928 decretisque
637 1847 793 1929 cognosco.
806 1847 852 1907 Ac
864 1850 914 1906 vi-

232 1924 303 1986 dete
313 1971 323 2001 ,
333 1926 430 2008 ‘’qulrm
443 1948 504 1987 nun
522 1929 640 1986 inimico
654 1930 751 1985 animo
765 1929 818 1983 sim
834 1926 917 1985 adlu-

231 2026 281 2066 ηις
297 2027 306 2065 ε
322 2026 379 2088 ego
391 2005 451 2085 ipse
469 2006 550 2077 haec,
566 2026 631 2085 quae
647 2005 696 2063 ille
712 2006 832 2083 quaerit,
851 2023 916 2084 quae

231 2084 329 2147 adhuc
345 2105 501 2167 numquam
511 2083 625 2145 audistis
635 2130 644 2158 ,
655 2084 916 2159 commemorabo,

235 2168 269 2228 &
288 2164 446 2247 proferam.
464 2165 497 2226 ln
520 2164 691 2239 Tricalino,
728 2184 795 2225 uem
819 2164 918 2225 locum

232 2247 264 2311 fu
285 2249 347 2308 itivi
359 2245 418 2329 jam
431 2248 496 2307 ante
515 2264 689 2318 tenuerunt,
708 2187 848 2305 leonidae
866 2267 920 2306 cu·

236 2269 348 2408 jusdam
373 2327 459 2388 Siculi
481 2327 588 2387 familia
606 2329 635 2385 in
654 2325 840 2406 suspicionem
859 2349 919 2388 vo-

236 2425 301 2468 cata
313 2406 354 2469 est
367 2407 590 2490 conjurationis:
602 2427 648 2467 res
660 2407 755 2466 delata
769 2407 805 2466 ad
815 2406 917 2469 istum:

238 2486 332 2550 statim
342 2533 353 2561 ,
376 2507 407 2549 ut
429 2512 480 2570 par
498 2487 572 2561 fuit,
589 2485 660 2566 jussu
684 2485 746 2566 ejus
765 2488 919 2563 homines,

238 2570 289 2650 qui
315 2573 455 2630 nominati
481 2585 586 2640 erant,
612 2569 814 2648 comprehensi
835 2567 920 2641 sunt,

238 2648 411 2731 adduslique
433 2650 594 2730 Lilybaeum
609 2670 616 2707 :
632 2648 752 2708 domino
767 2650 920 2709 denuntia·

237 2746 302 2791 xum
314 2728 373 2789 est:
396 2731 480 2789 caush
498 2729 571 2789 diua
588 2729 714 2787 damnati
727 2728 798 2786 sunt.

282 2809 324 2865 V.
341 2809 424 2886 Quid
442 2810 546 2868 deinde
558 2807 568 2867 ἓ
579 2808 648 2887 quid
659 2807 798 2867 censeris?
813 2805 918 2867 furtum

239 2884 380 2968 sortasse,
398 2903 447 2947 aut
463 2888 589 2967 praedarn
606 2886 770 2966 exspeslatis
786 2887 921 2968 aliquam.
