2550 4175
420 332 498 427 468
646 332 878 402 Ouarsa

418 446 473 506 dio
486 446 521 505 ad
531 444 560 506 id
573 446 680 509 bellum
696 449 883 521 incumbere,
894 448 923 507 in
939 467 1000 527 quo
1014 444 1106 529 gloria

414 528 547 588 mominis
562 526 670 601 vestri,
687 528 762 589 salus
775 528 920 588 sociorum
932 572 942 600 ,
952 528 1106 610 veffigalia

418 608 564 683 maxima,
578 607 700 668 sottunae
714 610 903 689 plurimorum
916 611 1024 668 civium
1039 630 1107 670 cum

419 707 452 748 re
475 686 567 746 ublica
585 687 788 750 defenduntur.
1070 759 1072 763 ¹
1091 687 1095 708 ²

412 809 419 820 .
500 766 563 827 ΙΙΙ.
586 769 736 847 Quoniam
762 771 799 830 de
816 789 925 851 genere
941 769 1012 829 belli
1029 770 1109 841 diri,

413 865 497 907 stunc
515 848 554 908 de
569 851 765 931 magnitudine
781 872 873 930 pauca
889 850 997 910 dicam.
1008 849 1106 909 Potest

415 931 502 994 ‚enim
518 930 574 990 hoc
592 931 647 990 dici
662 952 672 1002 3
690 932 759 991 belli
799 952 869 990 enus
882 927 939 989 effe
953 932 994 988 ira
1006 928 1106 1006 neces·

419 1007 546 1082 sarium,
571 1028 602 1070 ut
619 1013 665 1069 -sit
687 952 850 1093 gerendum
867 1032 878 1066 τ
896 1031 957 1069 non
988 1008 1046 1071 esse
1068 1013 1106 1071 ita

412 1109 583 1168 magnum,
601 1106 631 1148 ut
649 1092 686 1148 sit
703 1088 974 1170 pertimescendum.
993 1090 1026 1150 ln
1046 1112 1106 1172 quo

416 1170 545 1229 maxime
558 1170 748 1230 laborandum
763 1168 824 1240 ell,
840 1190 876 1229 ne
893 1168 971 1229 sorte
989 1193 1007 1230 a
1020 1173 1105 1233 vobis

416 1270 486 1331 quae
503 1251 550 1310 dili
573 1252 719 1311 entissime
735 1250 917 1331 providenda
936 1248 999 1310 sunt
1010 1274 1105 1322 ,eou-

415 1272 581 1397 temneuda
598 1328 657 1392 esse
671 1333 823 1393 videantur
855 1332 978 1410 Atque,
993 1349 1026 1391 ut
1042 1353 1106 1393 orn-

421 1430 474 1472 nes
499 1411 681 1493 intelligant,
706 1433 754 1472 me
782 1412 815 1471 L.
843 1409 966 1471 Lucullo
991 1412 1104 1475 tantuin

420 1491 561 1574 impertiri
582 1492 695 1565 laudis,
722 1512 860 1575 quantum
878 1490 946 1551 sotii
965 1494 1054 1567 viro,
1073 1495 1105 1555 &

417 1570 627 1653 sapientissimo
648 1573 778 1647 homini,
798 1574 829 1633 &
848 1594 956 1653 magno
977 1576 1105 1655 impeta-

417 1653 632 1714 tori-debeatur
652 1674 661 1714 ε
680 1656 769 1725 dico,
786 1652 847 1730 ejus
867 1654 994 1714 adventu
1014 1656 1106 1715 maxi·

414 1754 484 1800 mas
502 1732 678 1795 Mithridatis
696 1738 794 1814 copias
806 1735 941 1794 omnibus
952 1735 1042 1794 tehus
1053 1758 1107 1796 ot·

415 1831 502 1874 natas
532 1831 618 1894 atque
645 1813 790 1875 instruslas
816 1812 897 1875 fuisse
918 1815 1105 1899 ;utbemque

418 1892 502 1956 Asiae
520 1894 703 1956 clarissimam
714 1895 871 1977 ,nobisque
880 1897 1105 1970 amicissimam,

402 2021 407 2034 .
421 1972 641 2056 Cyzicenorum
655 2022 665 2050 ,
684 1975 825 2037 obsessam
835 1975 893 2037 esse
903 1977 939 2035 ab
957 1976 1021 2057 ipso
1035 1996 1107 2059 rege

420 2059 547 2119 maxima
564 2059 764 2131 multitudine,
781 2060 813 2119 ὃ(
832 2075 1034 2139 oppugnatam
1048 2079 1107 2139 ve·

418 2134 658 2212 hementissime,
676 2162 762 2222 quam
777 2140 812 2200 L.
827 2139 962 2198 Lucullus
974 2142 1108 2212 virtute,

416 2220 606 2292 assiduitate,
630 2222 753 2282 consilio
765 2266 777 2293 ,
803 2219 919 2281 summis
942 2219 1109 2301 obsidionis

417 2301 553 2383 periculis
576 2302 732 2380 liberavit:

417 2441 421 2449 ,
461 2401 509 2441 21.
525 2380 574 2442 Ab
593 2382 893 2463 eodem'imperatore
907 2376 1023 2439 classem
1042 2401 1107 2440 rna·

419 2480 508 2542 gnam
527 2463 559 2521 &
576 2482 730 2535 ornatam,
748 2485 811 2544 quae
828 2462 947 2521 ducibus
961 2459 1107 2521 Sertoria-

419 2542 464 2602 nis
480 2541 516 2600 ud
536 2541 647 2602 lta-liam
664 2542 757 2602 studio
778 2544 957 2602 inflammato
980 2562 1010 2598 ra
1035 2561 1109 2602 ere·

418 2637 488 2691 tur,
509 2619 670 2701 superatam
695 2621 774 2690 elle,
800 2640 888 2702 atque
910 2621 1000 2700 depte
1025 2643 1074 2680 am
1096 2643 1109 2683 t

419 2721 538 2781 magnas
565 2699 687 2760 hoslium
713 2717 851 2781 praeterea
881 2702 980 2781 copias
1005 2702 1109 2761 multis

414 2826 420 2833 .
441 2783 527 2841 roeliis
539 2780 595 2842 else
612 2783 720 2843 deletas
731 2803 740 2855 ;
750 2782 981 2861 patesadiumque
990 2780 1109 2843 'nostris

448 2863 582 2957 giuuibus
597 2862 653 2927 esse
671 2863 819 2940 Pontum,
837 2865 887 2948 qui
902 2861 970 2924 ame
988 2863 1109 2945 populo
