2550 4175
389 365 647 456 Acrrorrrs
671 384 720 455 II.
745 382 781 453 L.
800 381 891 456 ‘'HL'
917 392 971 477 97

293 517 354 559 non
366 502 444 560 enim
454 502 494 561 ita
510 498 570 573 est,
583 513 637 574 ut,
653 501 678 559 si
688 519 796 581 magno
812 495 973 573 renierinr,

294 580 357 659 plus
374 597 469 640 arator
490 581 615 653 debeat3
632 582 655 638 si
674 602 789 661 parvo,
806 582 909 639 minus.
932 580 974 639 Ut

292 658 436 720 frumenta
453 677 519 720 nata
536 660 616 733 sunt,
633 663 673 719 ita
688 661 972 732 decumaeyeneurrt':

295 743 412 800 aratoris
432 756 531 800 autem
556 738 695 819 interest3
722 743 762 801 ita
780 741 809 801 se
829 739 974 818 frumenta

295 818 424 894 habere,
446 840 477 880 ut
500 822 631 880 decumae
653 822 739 903 quim
756 820 879 901 plurimo
893 823 978 881 verti·

295 919 327 960 re
348 902 480 980 possint:
500 902 571 960 dum
592 918 688 960 arator
710 921 747 960 ne
791 902 834 959 lus
856 899 977 963 decumd

296 980 371 1053 det,
388 981 504 1062 expedit
520 983 548 1042 ei
567 981 721 1042 decumam
737 922 793 1042 esde
807 981 894 1062 quim
909 1001 977 1040 ma·

295 1080 375 1121 tumr.

293 1177 297 1184 ·
323 1138 406 1215 -148.
426 1136 538 1202 Veritm
558 1142 616 1200 hoc
629 1187 638 1215 ,
651 1155 683 1202 ut
701 1141 828 1221 opinor,
850 1138 907 1201 effe
932 1143 978 1200 vis

294 1220 381 1301 capiat
397 1219 574 1291 defensionis
586 1238 641 1280 tuae
654 1267 664 1293 ‚
679 1236 827 1301 magnete
841 1220 978 1281 decumas

296 1298 454 1361 vendidisse
476 1303 559 1382 :agri
576 1303 650 1361 verb
669 1300 829 1371 Leontini,
849 1302 897 1378 qui
913 1300 979 1379 plu-

296 1383 402 1441 rimum
415 1378 523 1453 efficit,
544 1383 629 1439 tritici
648 1379 779 1439 modiirm
797 1396 905 1443 ccxvt
917 1378 981 1439 mil·

296 1461 384 1522 libus.
403 1457 434 1519 Si
451 1459 568 1531 doceo,
589 1459 677 1539 pluris
694 1459 839 1538 aliquanti)
856 1458 980 1538 potuiffe

296 1557 328 1602 te
346 1538 478 1600 vendere
493 1582 503 1613 ,
520 1559 615 1619 neque
629 1539 672 1598 his
686 1535 806 1598 voluiffe
824 1539 980 1613 addicere,

298 1622 348 1702 qui
363 1635 465 1680 contra
475 1617 641 1699 Apronium
651 1618 804 1680 dicerentur
816 1639 822 1677 :
836 1619 866 1678 δι
880 1618 982 1699 Apro·

297 1703 348 1762 nio
365 1700 459 1760 multi>
480 1701 623 1771 minoris,
642 1698 729 1779 quam
748 1699 808 1758 aliis
828 1700 979 1778 potueris,

298 1778 470 1842 tradidisse:
496 1782 520 1839 si
543 1780 602 1839 hoc
624 1779 741 1851 doceo;
766 1782 912 1860 poteritne
926 1797 980 1855 te,

300 1860 400 1935 Alba,
416 1876 481 1921 tuus
500 1860 709 1941 antiquissimus
726 1880 788 1919 non
799 1858 891 1918 foliam
907 1862 981 1919 ami·

300 1961 375 2014 cus,
390 1942 494 2000 veriam
511 1941 598 2000 etiam
616 1956 729 1999 amator
742 1984 751 2011 ,
765 1938 939 1999 absolvere?

266 2063 269 2068 Δ
342 2018 470 2080 LXIV.
485 2017 564 2081 Dico
581 2021 709 2100 equitem
724 2017 910 2090 Romanum,
924 2018 982 2079 ho·

301 2101 412 2162 minem
433 2102 463 2161 in
489 2103 586 2181 primis
606 2099 783 2171 honestum,
814 2100 857 2180 Q.
876 2099 980 2159 Minu-

300 2184 378 2241 cium
391 2225 402 2255 ,
413 2200 480 2241 cum
496 2180 536 2241 sui
547 2180 684 2241 similibus
696 2226 705 2253 ‚
718 2180 754 2240 ad
772 2180 908 2240 decumas
919 2183 981 2262 agri

302 2261 440 2323 Leontini
463 2263 547 2322 tritici
570 2262 703 2321 modidm
729 2282 789 2321 non
814 2279 895 2332 cro,
919 2282 981 2320 nora

303 2361 362 2404 cra
392 2361 476 2413 cro,
503 2363 564 2402 non
591 2359 649 2402 cao
682 2359 739 2402 cro
772 2359 853 2414 cra,
875 2340 925 2401 sed
943 2341 980 2401 ad
1065 2377 1071 2385 s

301 2442 373 2493 unas
396 2425 479 2482 unius
500 2424 558 2502 agri
577 2421 712 2481 decumas
740 2422 822 2479 tritici
848 2421 981 2481 modidm

302 2520 377 2563 xxx
389 2502 479 2562 millia
499 2499 619 2563 voluiffe
642 2501 770 2571 addere,
792 2502 864 2561 &ei
882 2499 983 2580 potes-

302 2598 394 2643 tatem
414 2581 531 2642 emendi
560 2602 622 2642 non
645 2580 701 2642 effe
721 2579 848 2654 faciam,
869 2602 906 2641 ne
936 2602 981 2641 res

303 2663 397 2723 abiret
416 2661 452 2721 ab
472 2659 617 2740 Apronio.

349 2760 415 2818 149.
434 2739 549 2821 Negare
558 2741 615 2802 hoc
627 2787 636 2814 ‚
648 2743 701 2801 nisi
711 2740 786 2800 forte
799 2761 905 2822 negate
917 2761 984 2800 om·

275 2857 283 2867 ·
301 2822 352 2882 nia
367 2819 550 2895 constituisti,
564 2821 645 2880 nullo
661 2821 753 2880 modo
768 2838 873 2900 potes:
890 2823 985 2901 palum

304 2897 448 3042 tesTgesta
474 2898 537 3039 est,
557 2903 685 2963 maximo
708 2919 877 2973 conventu,
898 2902 988 2982 Syra-

373 2999 447 3040 omus
498 2986 531 3043 V.
836 2980 860 3038 E
