2550 4175
326 682 583 753 Acrrorrrs
604 681 653 754 II.
678 682 718 755 L.
740 681 802 754 IV.
841 702 922 777 1912

227 795 466 871 nobilis‚Lanria
474 799 616 859 nomine:
650 800 845 860 ertrienniurn
855 799 927 876 isti,

227 879 318 959 plena
340 878 432 937 domo
456 879 605 951 telarum,
682 880 777 961 gulam
805 875 919 942 vesteru

228 958 359 1019 confecit
371 959 462 1018 :nihil
475 961 534 1018 nisi
545 959 701 1038 conchylio
715 960 843 1021 rinffirm.
859 963 927 1023 At«.

228 1034 928 1123 talus,homopecuniosua,Neri3Lyso,Lily·-r

228 1119 287 1183 baei
299 1119 462 1191 3Critolaus
470 1118 600 1191 ,Enna
610 1117 758 1200 Syracusis
768 1120 925 1198 AEschrio·,.

228 1196 431 1276 Cleomenes,
449 1198 661 1261 Theomnastus
675 1222 684 1273 ;
699 1199 779 1261 Elori
796 1201 932 1264 Archo-‚¹

229 1281 316 1340 nides
326 1325 337 1355 ,
348 1279 487 1378 Megistos
501 1302 511 1355 ;
526 1303 586 1341 vox
600 1301 648 1343 me
664 1283 744 1341 citius
760 1280 898 1342 defecerit
907 1325 926 1358 ,-

231 1359 320 1441 quim
337 1381 466 1423 nonnna.
486 1360 551 1445 lpse
568 1362 657 1422 dabat
680 1384 837 1444 purpuram
854 1380 927 1424 tan-.

229 1445 315 1515 tum,
333 1445 418 1501 amici
436 1463 541 1524 operae
555 1443 668 1516 ,credo
680 1464 687 1502 :
699 1441 758 1517 iam
769 1446 846 1504 enirn
858 1451 927 1506 nani

228 1522 305 1582 liber
318 1525 416 1583 omnia
427 1525 571 1584 criminari
581 1544 593 1596 ;
605 1527 687 1604 quasi
702 1524 759 1583 hoc
775 1525 845 1583 mihi
859 1546 925 1585 non

229 1600 348 1662 seris-sit
363 1604 401 1662 ad
416 1606 548 1675 crimen,
565 1602 692 1664 liabuiffe
704 1621 763 1663 tarn
779 1603 927 1679 multum,

230 1682 313 1762 qaod
331 1682 413 1742 daret
433 1705 440 1741 :
458 1682 579 1744 voluiffe
601 1683 756 1763 deportare
773 1700 833 1741 tam
845 1684 926 1742 mul-

231 1781 284 1822 ta:
305 1763 363 1822 hoc
381 1763 448 1822 deni
490 1784 527 1836 e,
542 1762 622 1843 quod
640 1762 795 1834 concedit,
813 1764 926 1822 arnico·

231 1863 298 1904 rum
312 1846 435 1923 operise
459 1864 475 1903 e
488 1840 730 1920 inhujuscemodi
739 1841 824 1900 rebus
833 1840 924 1903 usum.

232 1924 299 1986 Jam
321 1925 395 1985 veri>
420 1923 511 1984 leiios
535 1941 665 1996 aerat0s‚
695 1923 728 1981 &
750 1922 928 1985 candeiabra

237 2025 319 2065 renea
337 2025 406 2063 num
425 2007 490 2073 cui,
512 2023 615 2083 praerer
643 2001 752 2075 istum,
775 2002 924 2083 Syracusis

257 2107 289 2146 er
306 2088 460 2145 triennium
474 2083 547 2144 faiia
560 2082 617 2145 effe
629 2082 819 2146 existimatis?
834 2083 924 2146 Eme-

233 2108 296 2226 ξιτ.
306 2164 419 2226 Credo.
428 2165 487 2226 Sed
503 2168 617 2225 tamum
633 2187 689 2227 vos
701 2167 857 2239 certiores,
873 2165 938 2233 Iu«,

237 2247 339 2319 dices,
354 2245 452 2320 facio,
473 2247 544 2327 quid
562 2245 612 2305 iste
628 2249 659 2304 in
679 2246 830 2325 provincia
850 2267 926 2325 prae·

236 2345 287 2387 tor
309 2329 418 2407 egerit,
433 2348 470 2387 ne
491 2330 536 2386 cui
550 2325 627 2386 forte
641 2328 761 2384 nimium
775 2325 925 2405 negligens

236 2404 320 2468 fuisse
331 2407 463 2467 videatur
476 2451 485 2479 ,
500 2427 596 2488 neque
612 2404 641 2464 se
657 2404 742 2477 saris,
760 2425 849 2485 quum
869 2426 928 2484 po·

237 2487 371 2549 testatem
387 2487 538 2561 habuerit,
557 2483 711 2547 instruxiffe
726 2487 758 2545 &
772 2483 893 2544 ornaffe.

281 2566 439 2628 XXVII.
458 2567 558 2628 Venio
571 2589 647 2627 nunc
660 2589 721 2627 non
737 2564 798 2646 jam
816 2568 852 2624 ad
866 2565 929 2624 fur·

239 2664 302 2708 turn
317 2695 327 2724 ‚
343 2670 404 2709 non
422 2647 459 2708 ad
480 2650 649 2721 avaritiam,
668 2668 728 2706 non
752 2647 789 2705 ad
813 2647 932 2727 cupidi·

240 2748 355 2803 tatem,
373 2729 422 2789 sed
443 2728 482 2787 ad
496 2724 646 2806 'elusrnodi
663 2728 796 2800 facinus,
815 2730 845 2786 in
866 2748 931 2808 quo·

240 2813 341 2870 omnia
358 2809 469 2870 nefaria
484 2811 626 2869 contineri
645 2809 714 2867 mihi
733 2825 820 2888 atque
840 2805 927 2867 ineffe

240 2893 396 2953 uideantur
407 2910 414 2949 ε
427 2891 457 2948 in
475 2910 533 2971 quo
555 2890 594 2948 dii
610 2889 788 2950 immortales
804 2888 928 2963 violati,

241 2970 415 3031 existimatio
426 2988 511 3053 atque
522 2970 674 3031 auiioritas
689 2972 813 3029 nominis
827 2968 932 3049 populi·

243 3051 372 3110 Romani
384 3054 534 3111 imminuta
546 3051 622 3125 ,hos
637 3053 718 3108 itium
731 3050 883 3129 spoliarum
896 3070 929 3106 ac

245 3131 418 3212 proditum,
438 3132 590 3192 abalienati
611 3074 718 3190 {elene
736 3128 811 3186 istius
833 3151 849 3186 a
873 3152 930 3187 no-

181 3264 196 3301 ,
245 3214 292 3272 bis
305 3229 410 3273 omnes
422 3228 506 3290 reges
523 3212 704 3285 amicissimi,
719 3208 926 3288 nationesque,
