<?xml version="1.0" encoding="UTF-8"?>
<!DOCTYPE html PUBLIC "-//W3C//DTD XHTML 1.0 Transitional//EN"
    "http://www.w3.org/TR/xhtml1/DTD/xhtml1-transitional.dtd">
<html xmlns="http://www.w3.org/1999/xhtml" xml:lang="en" lang="en">
 <head>
  <title>
</title>
<meta http-equiv="Content-Type" content="text/html;charset=utf-8" />
  <meta name='ocr-system' content='tesseract 3.04.00' />
  <meta name='ocr-capabilities' content='ocr_page ocr_carea ocr_par ocr_line ocrx_word'/>
</head>
<body>
  <div class='ocr_page' id='page_1' title='image "./mtulliiciceroni05lallgoog_0104.png"; bbox 0 0 2550 4175; ppageno 0'>
   <div class='ocr_carea' id='block_1_1' title="bbox 380 362 874 451">
    <p class='ocr_par' dir='ltr' id='par_1_1' title="bbox 380 362 874 451">
     <span class='ocr_line' id='line_1_1' title="bbox 380 362 874 451; baseline -0.016 -19"><span class='ocrx_word' id='word_1_1' title='bbox 380 363 431 451; x_wconf 75' lang='lat'>96</span> <span class='ocrx_word' id='word_1_2' title='bbox 540 362 602 427; x_wconf 74' lang='lat' dir='ltr'>ln</span> <span class='ocrx_word' id='word_1_3' title='bbox 642 366 874 427; x_wconf 70' lang='lat' dir='ltr'>Vrunru</span> 
     </span>
    </p>
   </div>
   <div class='ocr_carea' id='block_1_2' title="bbox 370 470 1065 3023">
    <p class='ocr_par' dir='ltr' id='par_1_2' title="bbox 376 470 1065 1677">
     <span class='ocr_line' id='line_1_2' title="bbox 377 470 1061 552; baseline -0.001 -19"><span class='ocrx_word' id='word_1_4' title='bbox 377 478 427 546; x_wconf 75' lang='lat' dir='ltr'>ciis</span> <span class='ocrx_word' id='word_1_5' title='bbox 442 470 657 551; x_wconf 69' lang='lat' dir='ltr'>conjedluram,</span> <span class='ocrx_word' id='word_1_6' title='bbox 674 473 742 531; x_wconf 87' lang='lat' dir='ltr'>nihil</span> <span class='ocrx_word' id='word_1_7' title='bbox 756 471 950 552; x_wconf 84' lang='lat' dir='ltr'>suspicionem</span> <span class='ocrx_word' id='word_1_8' title='bbox 965 515 975 544; x_wconf 93' lang='lat'><strong>,</strong></span> <span class='ocrx_word' id='word_1_9' title='bbox 999 471 1061 532; x_wconf 83' lang='lat' dir='ltr'>nihl</span> 
     </span>
     <span class='ocr_line' id='line_1_3' title="bbox 376 551 1064 628; baseline -0.001 -13"><span class='ocrx_word' id='word_1_10' title='bbox 376 555 515 626; x_wconf 69' lang='lat' dir='ltr'>anteailae</span> <span class='ocrx_word' id='word_1_11' title='bbox 530 558 599 615; x_wconf 87' lang='lat' dir='ltr'>vitae</span> <span class='ocrx_word' id='word_1_12' title='bbox 609 551 845 613; x_wconf 81' lang='lat' dir='ltr'>existimationem</span> <span class='ocrx_word' id='word_1_13' title='bbox 860 597 870 626; x_wconf 93' lang='lat'><strong>,</strong></span> <span class='ocrx_word' id='word_1_14' title='bbox 885 552 960 628; x_wconf 89' lang='lat' dir='ltr'>nihil</span> <span class='ocrx_word' id='word_1_15' title='bbox 972 552 1064 614; x_wconf 53' lang='lat' dir='ltr'>bono*</span> 
     </span>
     <span class='ocr_line' id='line_1_4' title="bbox 377 631 1065 710; baseline -0.006 -14"><span class='ocrx_word' id='word_1_16' title='bbox 377 655 442 696; x_wconf 83' lang='lat' dir='ltr'>rum</span> <span class='ocrx_word' id='word_1_17' title='bbox 458 637 589 710; x_wconf 87' lang='lat' dir='ltr'>virorum</span> <span class='ocrx_word' id='word_1_18' title='bbox 609 631 793 704; x_wconf 86' lang='lat' dir='ltr'>testimonia,</span> <span class='ocrx_word' id='word_1_19' title='bbox 820 631 889 692; x_wconf 89' lang='lat' dir='ltr'>nihil</span> <span class='ocrx_word' id='word_1_20' title='bbox 914 634 1065 692; x_wconf 83' lang='lat' dir='ltr'>civitatum</span> 
     </span>
     <span class='ocr_line' id='line_1_5' title="bbox 377 711 1064 792; baseline 0.001 -19"><span class='ocrx_word' id='word_1_21' title='bbox 377 713 560 775; x_wconf 73' lang='lat' dir='ltr'>auderitates</span> <span class='ocrx_word' id='word_1_22' title='bbox 572 759 582 788; x_wconf 86' lang='lat'>‚</span> <span class='ocrx_word' id='word_1_23' title='bbox 596 736 629 792; x_wconf 85' lang='lat' dir='ltr'>ac</span> <span class='ocrx_word' id='word_1_24' title='bbox 645 711 807 774; x_wconf 89' lang='lat' dir='ltr'>testimonia</span> <span class='ocrx_word' id='word_1_25' title='bbox 823 733 830 772; x_wconf 91' lang='lat'>:</span> <span class='ocrx_word' id='word_1_26' title='bbox 846 711 961 772; x_wconf 83' lang='lat' dir='ltr'>litteras</span> <span class='ocrx_word' id='word_1_27' title='bbox 973 715 1064 790; x_wconf 78' lang='lat' dir='ltr'>marri·</span> 
     </span>
     <span class='ocr_line' id='line_1_6' title="bbox 377 789 1064 931; baseline -0.004 -76"><span class='ocrx_word' id='word_1_28' title='bbox 377 793 462 868; x_wconf 66' lang='lat' dir='ltr'>,festas</span> <span class='ocrx_word' id='word_1_29' title='bbox 479 796 591 876; x_wconf 89' lang='lat' dir='ltr'>quaeris.</span> <span class='ocrx_word' id='word_1_30' title='bbox 611 793 681 853; x_wconf 92' lang='lat' dir='ltr'>Non</span> <span class='ocrx_word' id='word_1_31' title='bbox 695 796 793 875; x_wconf 75' lang='lat' dir='ltr'>quaero</span> <span class='ocrx_word' id='word_1_32' title='bbox 806 789 928 931; x_wconf 68' lang='lat' dir='ltr'>ljudices</span> <span class='ocrx_word' id='word_1_33' title='bbox 948 789 1064 854; x_wconf 85' lang='lat' dir='ltr'>Cassia-</span> 
     </span>
     <span class='ocr_line' id='line_1_7' title="bbox 378 872 1064 953; baseline -0.003 -19"><span class='ocrx_word' id='word_1_34' title='bbox 378 895 433 934; x_wconf 90' lang='lat' dir='ltr'>nos</span> <span class='ocrx_word' id='word_1_35' title='bbox 448 896 455 933; x_wconf 88' lang='lat'>:</span> <span class='ocrx_word' id='word_1_36' title='bbox 469 893 601 936; x_wconf 86' lang='lat' dir='ltr'>veterum</span> <span class='ocrx_word' id='word_1_37' title='bbox 618 872 789 953; x_wconf 84' lang='lat' dir='ltr'>judiciorum</span> <span class='ocrx_word' id='word_1_38' title='bbox 818 875 998 934; x_wconf 85' lang='lat' dir='ltr'>evetitatem</span> <span class='ocrx_word' id='word_1_39' title='bbox 1009 894 1064 934; x_wconf 91' lang='lat' dir='ltr'>non</span> 
     </span>
     <span class='ocr_line' id='line_1_8' title="bbox 377 951 1064 1036; baseline 0 -22"><span class='ocrx_word' id='word_1_40' title='bbox 377 957 494 1036; x_wconf 89' lang='lat' dir='ltr'>requiro</span> <span class='ocrx_word' id='word_1_41' title='bbox 515 978 522 1014; x_wconf 94' lang='lat'><strong>:</strong></span> <span class='ocrx_word' id='word_1_42' title='bbox 545 953 668 1016; x_wconf 89' lang='lat' dir='ltr'>vestram</span> <span class='ocrx_word' id='word_1_43' title='bbox 685 958 714 1012; x_wconf 91' lang='lat' dir='ltr'>in</span> <span class='ocrx_word' id='word_1_44' title='bbox 731 953 788 1013; x_wconf 92' lang='lat' dir='ltr'>hoc</span> <span class='ocrx_word' id='word_1_45' title='bbox 805 951 920 1024; x_wconf 86' lang='lat' dir='ltr'>fidem,</span> <span class='ocrx_word' id='word_1_46' title='bbox 938 953 1064 1036; x_wconf 86' lang='lat' dir='ltr'>dignita·</span> 
     </span>
     <span class='ocr_line' id='line_1_9' title="bbox 377 1031 1063 1117; baseline 0 -23"><span class='ocrx_word' id='word_1_47' title='bbox 377 1051 459 1108; x_wconf 90' lang='lat' dir='ltr'>rem,</span> <span class='ocrx_word' id='word_1_48' title='bbox 474 1035 644 1117; x_wconf 83' lang='lat' dir='ltr'>religionem</span> <span class='ocrx_word' id='word_1_49' title='bbox 659 1037 689 1093; x_wconf 91' lang='lat' dir='ltr'>in</span> <span class='ocrx_word' id='word_1_50' title='bbox 704 1031 860 1111; x_wconf 85' lang='lat' dir='ltr'>judicando</span> <span class='ocrx_word' id='word_1_51' title='bbox 879 1054 943 1092; x_wconf 89' lang='lat' dir='ltr'>non</span> <span class='ocrx_word' id='word_1_52' title='bbox 956 1032 1063 1115; x_wconf 88' lang='lat' dir='ltr'>implo-</span> 
     </span>
     <span class='ocr_line' id='line_1_10' title="bbox 377 1111 1064 1193; baseline -0.001 -18"><span class='ocrx_word' id='word_1_53' title='bbox 377 1136 432 1175; x_wconf 86' lang='lat' dir='ltr'>ro:</span> <span class='ocrx_word' id='word_1_54' title='bbox 449 1113 558 1175; x_wconf 86' lang='lat' dir='ltr'>Albam</span> <span class='ocrx_word' id='word_1_55' title='bbox 577 1115 692 1174; x_wconf 89' lang='lat' dir='ltr'>habebo</span> <span class='ocrx_word' id='word_1_56' title='bbox 709 1111 858 1193; x_wconf 85' lang='lat' dir='ltr'>judicem,</span> <span class='ocrx_word' id='word_1_57' title='bbox 878 1133 948 1173; x_wconf 88' lang='lat' dir='ltr'>eum</span> <span class='ocrx_word' id='word_1_58' title='bbox 971 1115 1064 1174; x_wconf 87' lang='lat' dir='ltr'>homi·</span> 
     </span>
     <span class='ocr_line' id='line_1_11' title="bbox 379 1192 1063 1277; baseline 0.003 -21"><span class='ocrx_word' id='word_1_59' title='bbox 379 1215 473 1270; x_wconf 82' lang='lat' dir='ltr'>uem,</span> <span class='ocrx_word' id='word_1_60' title='bbox 486 1198 535 1277; x_wconf 88' lang='lat' dir='ltr'>qui</span> <span class='ocrx_word' id='word_1_61' title='bbox 549 1194 578 1256; x_wconf 88' lang='lat' dir='ltr'>se</span> <span class='ocrx_word' id='word_1_62' title='bbox 594 1193 653 1277; x_wconf 89' lang='lat' dir='ltr'>ipse</span> <span class='ocrx_word' id='word_1_63' title='bbox 674 1192 797 1255; x_wconf 85' lang='lat' dir='ltr'>scurram</span> <span class='ocrx_word' id='word_1_64' title='bbox 814 1193 1063 1274; x_wconf 83' lang='lat' dir='ltr'>improbissimum</span> 
     </span>
     <span class='ocr_line' id='line_1_12' title="bbox 379 1272 1063 1355; baseline -0.004 -18"><span class='ocrx_word' id='word_1_65' title='bbox 379 1273 532 1337; x_wconf 87' lang='lat' dir='ltr'>existimari</span> <span class='ocrx_word' id='word_1_66' title='bbox 544 1275 607 1336; x_wconf 91' lang='lat' dir='ltr'>vult</span> <span class='ocrx_word' id='word_1_67' title='bbox 631 1296 639 1334; x_wconf 76' lang='lat' dir='ltr'><strong><em>z</em></strong></span> <span class='ocrx_word' id='word_1_68' title='bbox 657 1278 705 1355; x_wconf 90' lang='lat' dir='ltr'>qui</span> <span class='ocrx_word' id='word_1_69' title='bbox 722 1297 739 1334; x_wconf 92' lang='lat' dir='ltr'>a</span> <span class='ocrx_word' id='word_1_70' title='bbox 759 1272 858 1333; x_wconf 91' lang='lat' dir='ltr'>scurris</span> <span class='ocrx_word' id='word_1_71' title='bbox 874 1275 976 1353; x_wconf 74' lang='lat' dir='ltr'>potius</span> <span class='ocrx_word' id='word_1_72' title='bbox 993 1274 1063 1336; x_wconf 82' lang='lat' dir='ltr'>seru·</span> 
     </span>
     <span class='ocr_line' id='line_1_13' title="bbox 377 1353 1062 1438; baseline -0.003 -23"><span class='ocrx_word' id='word_1_73' title='bbox 377 1377 433 1436; x_wconf 84' lang='lat' dir='ltr'>per</span> <span class='ocrx_word' id='word_1_74' title='bbox 443 1355 607 1438; x_wconf 77' lang='lat' dir='ltr'>gladiator,</span> <span class='ocrx_word' id='word_1_75' title='bbox 623 1355 710 1436; x_wconf 74' lang='lat' dir='ltr'>quim</span> <span class='ocrx_word' id='word_1_76' title='bbox 726 1353 818 1414; x_wconf 89' lang='lat' dir='ltr'>scurra</span> <span class='ocrx_word' id='word_1_77' title='bbox 828 1354 998 1434; x_wconf 84' lang='lat' dir='ltr'>appellatus</span> <span class='ocrx_word' id='word_1_78' title='bbox 1012 1357 1062 1416; x_wconf 86' lang='lat' dir='ltr'>sit:</span> 
     </span>
     <span class='ocr_line' id='line_1_14' title="bbox 379 1433 1063 1515; baseline 0.003 -21"><span class='ocrx_word' id='word_1_79' title='bbox 379 1434 498 1497; x_wconf 86' lang='lat' dir='ltr'>afferam</span> <span class='ocrx_word' id='word_1_80' title='bbox 516 1457 578 1497; x_wconf 89' lang='lat' dir='ltr'>rem</span> <span class='ocrx_word' id='word_1_81' title='bbox 594 1433 735 1515; x_wconf 82' lang='lat' dir='ltr'>ejusmodi</span> <span class='ocrx_word' id='word_1_82' title='bbox 748 1437 777 1494; x_wconf 93' lang='lat' dir='ltr'>in</span> <span class='ocrx_word' id='word_1_83' title='bbox 793 1434 945 1509; x_wconf 88' lang='lat' dir='ltr'>decumis,</span> <span class='ocrx_word' id='word_1_84' title='bbox 963 1453 1000 1496; x_wconf 91' lang='lat' dir='ltr'>ut</span> <span class='ocrx_word' id='word_1_85' title='bbox 1013 1435 1063 1498; x_wconf 77' lang='lat' dir='ltr'>Al-</span> 
     </span>
     <span class='ocr_line' id='line_1_15' title="bbox 376 1512 1062 1592; baseline 0 -16"><span class='ocrx_word' id='word_1_86' title='bbox 376 1517 417 1577; x_wconf 85' lang='lat' dir='ltr'>ba</span> <span class='ocrx_word' id='word_1_87' title='bbox 436 1513 580 1592; x_wconf 80' lang='lat' dir='ltr'>fateatur,</span> <span class='ocrx_word' id='word_1_88' title='bbox 601 1515 685 1576; x_wconf 89' lang='lat' dir='ltr'>istum</span> <span class='ocrx_word' id='word_1_89' title='bbox 704 1518 733 1574; x_wconf 91' lang='lat' dir='ltr'>in</span> <span class='ocrx_word' id='word_1_90' title='bbox 752 1536 783 1575; x_wconf 91' lang='lat' dir='ltr'>re</span> <span class='ocrx_word' id='word_1_91' title='bbox 802 1512 1014 1592; x_wconf 79' lang='lat' dir='ltr'>frumentaria,</span> <span class='ocrx_word' id='word_1_92' title='bbox 1033 1515 1062 1576; x_wconf 87' lang='lat'>&amp;</span> 
     </span>
     <span class='ocr_line' id='line_1_16' title="bbox 377 1593 1063 1677; baseline 0.006 -22"><span class='ocrx_word' id='word_1_93' title='bbox 377 1598 410 1655; x_wconf 89' lang='lat' dir='ltr'>in</span> <span class='ocrx_word' id='word_1_94' title='bbox 426 1595 511 1656; x_wconf 87' lang='lat' dir='ltr'>bonis</span> <span class='ocrx_word' id='word_1_95' title='bbox 525 1613 670 1658; x_wconf 86' lang='lat' dir='ltr'>aratorum</span> <span class='ocrx_word' id='word_1_96' title='bbox 688 1595 811 1676; x_wconf 76' lang='lat' dir='ltr'>aperte,</span> <span class='ocrx_word' id='word_1_97' title='bbox 827 1595 990 1677; x_wconf 86' lang='lat' dir='ltr'>palamque</span> <span class='ocrx_word' id='word_1_98' title='bbox 1011 1593 1063 1658; x_wconf 84' lang='lat' dir='ltr'>elle</span> 
     </span>
    </p>

    <p class='ocr_par' dir='ltr' id='par_1_3' title="bbox 370 1675 1063 3023">
     <span class='ocr_line' id='line_1_17' title="bbox 375 1675 548 1757; baseline 0 -23"><span class='ocrx_word' id='word_1_99' title='bbox 375 1675 548 1757; x_wconf 79' lang='lat' dir='ltr'>&#39;praedatum</span> 
     </span>
     <span class='ocr_line' id='line_1_18' title="bbox 419 1753 1062 1854; baseline 0.008 -40"><span class='ocrx_word' id='word_1_100' title='bbox 419 1754 554 1815; x_wconf 88' lang='lat' dir='ltr'><strong>LXIII.</strong></span> <span class='ocrx_word' id='word_1_101' title='bbox 568 1753 716 1815; x_wconf 86' lang='lat' dir='ltr'>Decumas</span> <span class='ocrx_word' id='word_1_102' title='bbox 729 1756 788 1837; x_wconf 82' lang='lat' dir='ltr'>agri</span> <span class='ocrx_word' id='word_1_103' title='bbox 801 1754 941 1816; x_wconf 87' lang='lat' dir='ltr'>Leontini</span> <span class='ocrx_word' id='word_1_104' title='bbox 955 1777 1062 1854; x_wconf 72' lang='lat' dir='ltr'>magno</span> 
     </span>
     <span class='ocr_line' id='line_1_19' title="bbox 378 1833 1062 1915; baseline 0.007 -22"><span class='ocrx_word' id='word_1_105' title='bbox 378 1833 448 1895; x_wconf 90' lang='lat' dir='ltr'>dicit</span> <span class='ocrx_word' id='word_1_106' title='bbox 463 1835 492 1896; x_wconf 91' lang='lat' dir='ltr'>se</span> <span class='ocrx_word' id='word_1_107' title='bbox 506 1833 675 1898; x_wconf 86' lang='lat' dir='ltr'>vendidille.</span> <span class='ocrx_word' id='word_1_108' title='bbox 692 1833 817 1896; x_wconf 88' lang='lat' dir='ltr'>Ostendi</span> <span class='ocrx_word' id='word_1_109' title='bbox 833 1833 895 1915; x_wconf 85' lang='lat' dir='ltr'>jam</span> <span class='ocrx_word' id='word_1_110' title='bbox 913 1836 992 1898; x_wconf 93' lang='lat' dir='ltr'>illud</span> <span class='ocrx_word' id='word_1_111' title='bbox 1011 1840 1062 1898; x_wconf 83' lang='lat' dir='ltr'>roi-</span> 
     </span>
     <span class='ocr_line' id='line_1_20' title="bbox 377 1915 1062 1998; baseline 0.009 -24"><span class='ocrx_word' id='word_1_112' title='bbox 377 1916 421 1975; x_wconf 91' lang='lat' dir='ltr'>rio</span> <span class='ocrx_word' id='word_1_113' title='bbox 436 1959 447 1990; x_wconf 92' lang='lat'>‚</span> <span class='ocrx_word' id='word_1_114' title='bbox 467 1937 528 1977; x_wconf 91' lang='lat' dir='ltr'>non</span> <span class='ocrx_word' id='word_1_115' title='bbox 543 1915 759 1977; x_wconf 82' lang='lat' dir='ltr'>existimandum</span> <span class='ocrx_word' id='word_1_116' title='bbox 778 1936 886 1998; x_wconf 84' lang='lat' dir='ltr'>magno</span> <span class='ocrx_word' id='word_1_117' title='bbox 899 1915 1062 1980; x_wconf 81' lang='lat' dir='ltr'>vendidiffe</span> 
     </span>
     <span class='ocr_line' id='line_1_21' title="bbox 375 1997 1061 2080; baseline 0.004 -24"><span class='ocrx_word' id='word_1_118' title='bbox 375 2015 445 2056; x_wconf 90' lang='lat' dir='ltr'>eum</span> <span class='ocrx_word' id='word_1_119' title='bbox 460 2041 470 2071; x_wconf 86' lang='lat'>,</span> <span class='ocrx_word' id='word_1_120' title='bbox 485 1999 534 2080; x_wconf 91' lang='lat' dir='ltr'>qui</span> <span class='ocrx_word' id='word_1_121' title='bbox 550 1999 643 2058; x_wconf 89' lang='lat' dir='ltr'>verbo</span> <span class='ocrx_word' id='word_1_122' title='bbox 659 1997 793 2056; x_wconf 88' lang='lat' dir='ltr'>decumas</span> <span class='ocrx_word' id='word_1_123' title='bbox 806 1997 1000 2072; x_wconf 85' lang='lat' dir='ltr'>vendiderit;</span> <span class='ocrx_word' id='word_1_124' title='bbox 1015 2019 1061 2072; x_wconf 87' lang='lat' dir='ltr'>re,</span> 
     </span>
     <span class='ocr_line' id='line_1_22' title="bbox 373 2073 1062 2160; baseline -0.001 -17"><span class='ocrx_word' id='word_1_125' title='bbox 373 2077 414 2143; x_wconf 67' lang='grc' dir='ltr'>,ἃ</span> <span class='ocrx_word' id='word_1_126' title='bbox 434 2077 624 2151; x_wconf 87' lang='lat' dir='ltr'>conditione,</span> <span class='ocrx_word' id='word_1_127' title='bbox 644 2078 677 2137; x_wconf 76' lang='grc' dir='ltr'>δι</span> <span class='ocrx_word' id='word_1_128' title='bbox 692 2077 776 2160; x_wconf 84' lang='lat' dir='ltr'>lege,</span> <span class='ocrx_word' id='word_1_129' title='bbox 795 2077 828 2137; x_wconf 91' lang='lat'>&amp;</span> <span class='ocrx_word' id='word_1_130' title='bbox 841 2073 963 2153; x_wconf 70' lang='lat' dir='ltr'>editio,</span> <span class='ocrx_word' id='word_1_131' title='bbox 983 2079 1017 2141; x_wconf 79' lang='grc' dir='ltr'>δι</span> <span class='ocrx_word' id='word_1_132' title='bbox 1029 2079 1062 2141; x_wconf 89' lang='lat' dir='ltr'>li-</span> 
     </span>
     <span class='ocr_line' id='line_1_23' title="bbox 377 2157 1061 2230; baseline 0.006 -13"><span class='ocrx_word' id='word_1_133' title='bbox 377 2158 473 2219; x_wconf 71' lang='lat' dir='ltr'>centii</span> <span class='ocrx_word' id='word_1_134' title='bbox 491 2159 719 2218; x_wconf 84' lang='lat' dir='ltr'>decumanorum</span> <span class='ocrx_word' id='word_1_135' title='bbox 731 2202 740 2230; x_wconf 90' lang='lat'><strong>,</strong></span> <span class='ocrx_word' id='word_1_136' title='bbox 751 2157 887 2217; x_wconf 87' lang='lat' dir='ltr'>decumas</span> <span class='ocrx_word' id='word_1_137' title='bbox 900 2161 1061 2221; x_wconf 78' lang='lat' dir='ltr'>aratoribus</span> 
     </span>
     <span class='ocr_line' id='line_1_24' title="bbox 377 2236 1063 2301; baseline 0.01 -6"><span class='ocrx_word' id='word_1_138' title='bbox 377 2236 469 2297; x_wconf 90' lang='lat' dir='ltr'>nullas</span> <span class='ocrx_word' id='word_1_139' title='bbox 484 2238 536 2299; x_wconf 85' lang='lat' dir='ltr'>reli</span> <span class='ocrx_word' id='word_1_140' title='bbox 557 2259 606 2296; x_wconf 85' lang='lat' dir='ltr'>uas</span> <span class='ocrx_word' id='word_1_141' title='bbox 621 2237 721 2297; x_wconf 89' lang='lat' dir='ltr'>fecerit</span> <span class='ocrx_word' id='word_1_142' title='bbox 738 2257 745 2294; x_wconf 90' lang='lat'>:</span> <span class='ocrx_word' id='word_1_143' title='bbox 764 2240 850 2299; x_wconf 87' lang='lat' dir='ltr'>etiam</span> <span class='ocrx_word' id='word_1_144' title='bbox 874 2236 947 2299; x_wconf 92' lang='lat' dir='ltr'>illud</span> <span class='ocrx_word' id='word_1_145' title='bbox 968 2238 1063 2301; x_wconf 81' lang='lat' dir='ltr'>olleo·</span> 
     </span>
     <span class='ocr_line' id='line_1_25' title="bbox 378 2259 1061 2403; baseline 0.006 -28"><span class='ocrx_word' id='word_1_146' title='bbox 378 2316 428 2389; x_wconf 90' lang='lat' dir='ltr'>di,</span> <span class='ocrx_word' id='word_1_147' title='bbox 449 2259 696 2376; x_wconf 74' lang='lat' dir='ltr'>vendidilie-alios</span> <span class='ocrx_word' id='word_1_148' title='bbox 718 2338 825 2397; x_wconf 86' lang='lat' dir='ltr'>magno</span> <span class='ocrx_word' id='word_1_149' title='bbox 844 2317 990 2379; x_wconf 88' lang='lat' dir='ltr'>decumas·</span> <span class='ocrx_word' id='word_1_150' title='bbox 1005 2321 1061 2403; x_wconf 85' lang='lat' dir='ltr'>agri</span> 
     </span>
     <span class='ocr_line' id='line_1_26' title="bbox 376 2394 1062 2483; baseline 0.006 -28"><span class='ocrx_word' id='word_1_151' title='bbox 376 2394 533 2470; x_wconf 87' lang='lat' dir='ltr'>Leontini,</span> <span class='ocrx_word' id='word_1_152' title='bbox 548 2414 767 2477; x_wconf 88' lang='lat' dir='ltr'>ceterorumque</span> <span class='ocrx_word' id='word_1_153' title='bbox 781 2418 914 2478; x_wconf 82' lang='lat' dir='ltr'>agrorum</span> <span class='ocrx_word' id='word_1_154' title='bbox 928 2400 985 2473; x_wconf 85' lang='lat'>3&amp;</span> <span class='ocrx_word' id='word_1_155' title='bbox 999 2400 1062 2483; x_wconf 84' lang='lat' dir='ltr'>lege</span> 
     </span>
     <span class='ocr_line' id='line_1_27' title="bbox 377 2474 1061 2558; baseline 0.007 -22"><span class='ocrx_word' id='word_1_156' title='bbox 377 2476 539 2536; x_wconf 70' lang='lat' dir='ltr'>Hieronici</span> <span class='ocrx_word' id='word_1_157' title='bbox 565 2474 750 2548; x_wconf 87' lang='lat' dir='ltr'>vendidille;</span> <span class='ocrx_word' id='word_1_158' title='bbox 777 2476 920 2558; x_wconf 87' lang='lat' dir='ltr'>&amp;pluris</span> <span class='ocrx_word' id='word_1_159' title='bbox 947 2482 1061 2554; x_wconf 85' lang='lat' dir='ltr'>etiam,</span> 
     </span>
     <span class='ocr_line' id='line_1_28' title="bbox 376 2554 1063 2641; baseline 0.006 -26"><span class='ocrx_word' id='word_1_160' title='bbox 376 2554 465 2637; x_wconf 73' lang='lat' dir='ltr'>quim</span> <span class='ocrx_word' id='word_1_161' title='bbox 480 2572 511 2616; x_wconf 91' lang='lat' dir='ltr'>te</span> <span class='ocrx_word' id='word_1_162' title='bbox 528 2554 709 2628; x_wconf 80' lang='lat' dir='ltr'>vendidiffe3</span> <span class='ocrx_word' id='word_1_163' title='bbox 729 2576 784 2617; x_wconf 87' lang='lat' dir='ltr'>nec</span> <span class='ocrx_word' id='word_1_164' title='bbox 796 2573 942 2618; x_wconf 87' lang='lat' dir='ltr'>aratorem</span> <span class='ocrx_word' id='word_1_165' title='bbox 959 2580 1063 2641; x_wconf 87' lang='lat' dir='ltr'>quern·</span> 
     </span>
     <span class='ocr_line' id='line_1_29' title="bbox 376 2634 1062 2721; baseline 0.009 -28"><span class='ocrx_word' id='word_1_166' title='bbox 376 2657 464 2717; x_wconf 84' lang='lat' dir='ltr'>quarn</span> <span class='ocrx_word' id='word_1_167' title='bbox 482 2634 538 2696; x_wconf 86' lang='lat' dir='ltr'>elle</span> <span class='ocrx_word' id='word_1_168' title='bbox 557 2634 711 2716; x_wconf 89' lang='lat' dir='ltr'>questum:</span> <span class='ocrx_word' id='word_1_169' title='bbox 732 2658 787 2697; x_wconf 91' lang='lat' dir='ltr'>nec</span> <span class='ocrx_word' id='word_1_170' title='bbox 805 2639 883 2697; x_wconf 87' lang='lat' dir='ltr'>enim</span> <span class='ocrx_word' id='word_1_171' title='bbox 908 2636 964 2699; x_wconf 84' lang='lat' dir='ltr'>fuit</span> <span class='ocrx_word' id='word_1_172' title='bbox 985 2638 1062 2721; x_wconf 73' lang='lat' dir='ltr'>quod</span> 
     </span>
     <span class='ocr_line' id='line_1_30' title="bbox 377 2714 1063 2802; baseline 0.01 -28"><span class='ocrx_word' id='word_1_173' title='bbox 377 2714 524 2796; x_wconf 90' lang='lat' dir='ltr'>quisquam</span> <span class='ocrx_word' id='word_1_174' title='bbox 540 2718 621 2796; x_wconf 90' lang='lat' dir='ltr'>queri</span> <span class='ocrx_word' id='word_1_175' title='bbox 637 2715 751 2796; x_wconf 85' lang='lat' dir='ltr'>pollet,</span> <span class='ocrx_word' id='word_1_176' title='bbox 765 2738 853 2798; x_wconf 90' lang='lat' dir='ltr'>quum</span> <span class='ocrx_word' id='word_1_177' title='bbox 870 2716 897 2777; x_wconf 92' lang='lat' dir='ltr'>le</span> <span class='ocrx_word' id='word_1_178' title='bbox 921 2737 939 2779; x_wconf 89' lang='lat' dir='ltr'>e</span> <span class='ocrx_word' id='word_1_179' title='bbox 955 2722 1063 2802; x_wconf 83' lang='lat' dir='ltr'>aequis·</span> 
     </span>
     <span class='ocr_line' id='line_1_31' title="bbox 373 2794 1063 2882; baseline 0.006 -26"><span class='ocrx_word' id='word_1_180' title='bbox 373 2796 448 2857; x_wconf 73' lang='lat' dir='ltr'>sime</span> <span class='ocrx_word' id='word_1_181' title='bbox 457 2794 560 2877; x_wconf 75' lang='lat' dir='ltr'>scripti</span> <span class='ocrx_word' id='word_1_182' title='bbox 570 2799 721 2869; x_wconf 83' lang='lat' dir='ltr'>venirent3</span> <span class='ocrx_word' id='word_1_183' title='bbox 732 2818 826 2878; x_wconf 91' lang='lat' dir='ltr'>neque</span> <span class='ocrx_word' id='word_1_184' title='bbox 837 2796 886 2855; x_wconf 92' lang='lat' dir='ltr'>illu</span> <span class='ocrx_word' id='word_1_185' title='bbox 921 2820 1063 2882; x_wconf 82' lang='lat' dir='ltr'>umquam</span> 
     </span>
     <span class='ocr_line' id='line_1_32' title="bbox 370 2874 1061 2961; baseline 0 -22"><span class='ocrx_word' id='word_1_186' title='bbox 370 2874 495 2947; x_wconf 63' lang='lat' dir='ltr'>[aratoris</span> <span class='ocrx_word' id='word_1_187' title='bbox 503 2876 630 2939; x_wconf 85' lang='lat' dir='ltr'>interfuit</span> <span class='ocrx_word' id='word_1_188' title='bbox 640 2880 758 2961; x_wconf 86' lang='lat' dir='ltr'>,quanti</span> <span class='ocrx_word' id='word_1_189' title='bbox 767 2878 896 2940; x_wconf 87' lang='lat' dir='ltr'>decumae</span> <span class='ocrx_word' id='word_1_190' title='bbox 906 2882 1061 2943; x_wconf 88' lang='lat' dir='ltr'>venirent:</span> 
     </span>
     <span class='ocr_line' id='line_1_33' title="bbox 1004 2980 1063 3023; baseline -0.034 0"><span class='ocrx_word' id='word_1_191' title='bbox 1004 2980 1063 3023; x_wconf 84' lang='lat' dir='ltr'>non</span> 
     </span>
    </p>
   </div>
   <div class='ocr_carea' id='block_1_3' title="bbox 0 0 1280 4175">
    <p class='ocr_par' dir='ltr' id='par_1_4' title="bbox 0 0 1280 4175">
     <span class='ocr_line' id='line_1_34' title="bbox 0 0 1280 4175; baseline 0 0"><span class='ocrx_word' id='word_1_192' title='bbox 0 0 1280 4175; x_wconf 95' lang='lat' dir='ltr'> </span> 
     </span>
    </p>
   </div>
  </div>
 </body>
</html>
