2550 4175
392 372 657 440 Acrronrs
687 372 730 440 Il.
754 368 792 439 L.
817 367 884 441 ΙΙΙ.
926 387 975 465 75

249 509 255 516 ·
292 500 344 543 ma
364 503 405 543 no
423 482 451 545 se
472 484 609 545 decumas
630 484 810 561 vendidiffe,
828 504 918 567 quum
941 505 979 547 ex

295 502 405 625 eodem
418 585 510 648 agro,
528 565 647 625 dimidio
660 565 724 645 plus
741 566 798 646 ipse
810 565 979 639 abstulerit,

293 644 384 725 quam
408 646 521 726 populo
546 645 683 705 Romano
710 646 844 707 miserit?
870 661 979 707 ccxvr

294 722 429 784 moditim
453 725 577 786 millibus
598 723 735 786 decumas
759 730 818 809 agri
842 725 980 787 Leontini

294 803 461 864 vendidisti.
473 805 548 867 Siex
565 806 654 887 lege,
670 826 778 887 magno
796 807 840 865 :si
854 850 864 879 ‚
883 823 916 865 ut
930 805 979 865 lex

293 881 369 945 esset
378 885 469 947 libido
481 904 555 960 tua,
570 907 663 967 parvo
676 906 683 943 :
696 887 738 959 si,
755 903 806 960 ut,
819 905 883 967 quae
898 885 983 946 dimi·

294 963 353 1024 diae
375 964 487 1041 efferat,
508 965 638 1027 decuma
666 985 861 1040 vocarentur,
885 987 979 1048 parvo

295 1044 451 1106 vendidisti
466 1065 475 1106 t
492 1046 584 1107 multb
602 1047 683 1107 enim
697 1047 785 1126 plutis
803 1046 910 1107 studius
926 1067 982 1105 an·

242 1200 244 1204 ,
295 1127 347 1185 nui
364 1124 465 1187 Siciliae
481 1127 585 1187 venire
600 1143 757 1207 potuerunt
771 1172 781 1201 ,
797 1129 821 1185 si
835 1127 865 1187 id
884 1144 915 1187 te
931 1125 981 1187 se·

295 1221 401 1283 natus,
417 1223 467 1267 aut
484 1206 608 1288 populus
628 1206 785 1266 Romanus·
799 1206 896 1268 facere
920 1228 982 1268 vo·

287 1284 401 1348 ‘iuiffen
421 1286 539 1348 Etenim
551 1286 626 1368 saepe
646 1285 777 1346 decumae
789 1289 862 1347 tanti
876 1288 982 1348 venie·

296 1382 388 1439 runt,
418 1388 507 1450 quum
535 1367 601 1449 lege
631 1366 793 1427 Hieronica
820 1369 982 1441 venirent,

294 1448 400 1529 quanti
414 1465 491 1507 nunc
510 1448 575 1529 lege
584 1446 698 1508 Verrei
715 1449 879 1508 veniemnt.
893 1444 981 1508 Cedo

295 1526 372 1587 mihi
398 1525 437 1588 C.
461 1527 593 1587 Norbani
619 1527 757 1587 decumas
776 1527 922 1588 venditas.
943 1524 983 1589 C.

298 1603 464 1668 Nouanus
504 1624 658 1669 uacuum
698 1624 859 1669 neumam
895 1623 981 1668 nour

297 1686 478 1749 Leourrur.
498 1687 591 1771 Atqui
604 1704 667 1748 turn
687 1708 782 1770 neque
793 1686 931 1769 judicium
944 1687 983 1749 de

296 1767 393 1829 modo
412 1766 544 1855 jugerum
559 1768 700 1828 dabatur:
718 1788 813 1851 neque
827 1772 907 1830 enim
920 1784 984 1830 erat

298 1848 504 1909 Artemidorus
523 1847 679 1911 Cornelius
700 1867 909 1929 recuperator:
929 1868 985 1911 ne·

292 1949 360 2010 que
378 1929 414 1987 ab
430 1945 544 1987 aratore
556 1926 734 2009 magistratus
748 1928 857 1987 Siculus
870 1944 984 1989 tantum

297 2007 458 2090 exigebat,
481 2024 620 2089 quantum
637 2006 813 2067 decumanus
833 2008 983 2070 ediderata

299 2109 360 2148 nec
370 2085 542 2148 beneficium
558 2086 714 2169 petebatur
727 2109 743 2147 a
758 2086 921 2149 decumano
932 2133 942 2162 ‚
952 2105 984 2150 ut

299 2172 334 2230 in
350 2165 450 2250 jugera
458 2168 568 2250 singula
577 2170 666 2229 ternis
681 2167 834 2228 medimnis
849 2169 984 2231 decidere

300 2249 422 2310 liceret:
442 2268 497 2310 nec
514 2249 701 2310 nummorum
720 2251 917 2309 accessionem
934 2271 986 2312 co·

300 2330 425 2414 gebatur
438 2346 533 2389 arator
552 2327 641 2402 dare,
658 2349 713 2389 nec
726 2346 822 2389 ternas
838 2332 984 2412 quinqua-

302 2412 427 2493 gesimas
446 2409 583 2471 frumenti
599 2408 706 2469 addere
730 2431 737 2468 ε
761 2411 793 2470 &
812 2427 909 2469 tamen
927 2433 985 2492 po·
1028 2424 1030 2429 '

302 2489 375 2574 pulo
385 2528 388 2538 ·
398 2490 536 2552 Romano
551 2510 672 2572 magnus
689 2488 825 2550 frumenti
847 2510 985 2552 numerus

293 2573 480 2633 mittebatur.
708 2598 710 2602 ⁸

346 2651 380 2712 L.
396 2651 480 2731 Quid
495 2651 570 2713 verb
578 2649 636 2711 istae
648 2649 702 2710 sibi
718 2653 987 2734 quinquagesimae3

304 2732 375 2814 quid
384 2733 472 2814 porrb
480 2753 666 2793 nummomm
675 2735 855 2793 accessiones
863 2734 987 2795 volunt?

306 2831 367 2892 quo
387 2812 416 2870 id
438 2810 522 2890 jure,
540 2829 625 2893 atque
644 2812 745 2885 adeo,
764 2834 823 2895 quo
841 2814 870 2873 id
890 2817 987 2896 potius

308 2910 362 2952 ore
382 2889 493 2954 fecisti?
513 2893 659 2957 Nummos
680 2892 766 2956 dabat
784 2910 878 3026 argor
892 2917 899 2954 :
915 2916 989 2977 quo·

855 2995 873 3026 11
