2550 4175
377 857 433 948 '3'0
537 851 601 921 Irr
638 855 677 920 V
682 868 746 921 sn
759 870 786 921 n
799 870 824 921 r
837 869 874 921 rr

378 963 506 1026 Siciliam
513 961 653 1027 venissem
664 986 672 1026 τ
682 957 722 1025 sic
737 964 808 1025 milri
822 962 923 1028 affesia
933 963 999 1029 vita
1011 963 1073 1042 esi,

378 1062 411 1105 ut
423 1045 469 1106 hre
483 1062 567 1107 terrae
575 1043 670 1107 solent
681 1091 691 1120 ,
701 1046 731 1106 in
745 1046 973 1128 quibusbeilum
987 1068 1072 1118 acer,-

379 1125 472 1200 bum,
493 1126 716 1207 diuturnumque
733 1126 878 1188 versatum
896 1125 939 1190 est
961 1147 971 1187 ι
995 1147 1071 1212 quos

379 1225 437 1287 ego
447 1226 567 1288 campos
580 1223 684 1278 antea,
697 1205 841 1288 collesque
851 1206 1069 1281 nitidissimos,

380 1285 624 1369 viridissimosque
638 1284 791 1362 vidiss'ern,
807 1287 863 1349 hos
879 1289 920 1349 ita
938 1286 1073 1350 vastatos

380 1387 478 1442 nunc,
497 1388 530 1427 ac
549 1366 679 1430 desertos
696 1367 856 1442 videbam,
869 1383 901 1427 ut
920 1387 994 1450 eger
1009 1367 1072 1451 ipse

381 1446 529 1510 cultorem
542 1446 706 1510 desiderare
719 1491 729 1521 ,
742 1468 775 1508 ac
792 1447 892 1532 lugere
912 1445 1071 1509 dominum

380 1525 540 1588 videretur.
567 1528 749 1589 Herbitensis
774 1547 868 1611 ager,
897 1524 1072 1602 Ennensis,

380 1603 607 1690 Murgentinus,
635 1604 808 1684 Asi'orinus,
831 1606 1045 1680 Imacharenris
1061 1653 1071 1683 ,

380 1685 596 1770 Agyrinensis,
610 1689 652 1753 ite
670 1687 784 1751 teliiius
802 1705 865 1753 ent
888 1706 928 1755 ez
939 1691 1073 1760 maxima

381 1784 487 1849 parte,
505 1785 538 1830 ut
555 1791 616 1832 non
632 1768 725 1831 solum
741 1770 895 1856 jugerum,
913 1763 1072 1842 sedetiam

382 1848 570 1913 dominorum
607 1850 821 1917 multitudinem
926 1873 1073 1917 ceremur.

381 1929 530 1998 AEmensis
544 1931 618 1997 veri>
636 1954 726 2018 ager,
744 1937 793 2016 qui
806 1931 866 1994 sole
888 1951 917 1994 at
931 1933 992 1997 esse
1007 1936 1073 1997 cul-

380 2010 531 2088 tissimus,
549 2017 583 2076 δι
601 2016 684 2098 quod
704 2032 790 2095 caput
810 2012 852 2080 est
871 2016 914 2075 rei
935 2013 1075 2078 frumen-

380 2100 480 2169 tariae,
507 2116 625 2179 campus
652 2094 844 2167 Leontinus,
872 2092 956 2175 cujus
984 2114 1073 2159 antea

380 2177 399 2239 s
415 2179 491 2238 ecies
508 2177 571 2238 haec
587 2191 650 2237 erat
658 2221 671 2250 ,
686 2191 739 2250 ut,
766 2195 856 2257 quum
873 2176 1008 2239 obsitum
1023 2180 1074 2240 vi-

382 2201 489 2333 disses,
508 2277 630 2318 annonae
650 2257 799 2322 caritatem
819 2276 882 2316 non
907 2276 1076 2341 vererere,

329 2371 331 2375 .
383 2341 424 2401 sic
442 2355 503 2401 erat
529 2336 689 2414 deformis,
703 2353 790 2419 arque
812 2334 972 2412 horridus,
986 2353 1023 2399 ut
1042 2340 1075 2401 iu

381 2421 528 2483 uberrima
546 2417 650 2481 Sicilire
675 2434 757 2501 parte
775 2415 901 2478 Siciliam
925 2436 1074 2498 quarere·

383 2522 458 2562 mus.
482 2499 682 2561 Labefatrarat
701 2501 781 2559 enim
798 2497 993 2560 vehementer
1006 2520 1075 2563 ara..
1108 2509 1109 2512 ¹

384 2597 463 2642 rores
480 2578 540 2659 jam
556 2578 686 2661 superior
705 2598 795 2648 annus
809 2598 816 2638 ι
831 2579 983 2661 proximus
996 2579 1076 2644 verb

385 2658 512 2726 funditus
525 2675 681 2721 everterat.

424 2738 519 2802 XIX.
537 2738 586 2801 Tu
600 2739 671 2803 mihi
684 2740 772 2803 etiarn
784 2737 873 2800 audes
884 2740 1075 2803 mentionem

383 2820 480 2883 facere
501 2818 711 2881 decumarum?
729 2821 807 2882 tuin
826 2835 906 2881 tanta
922 2819 965 2879 im
988 2820 1075 2882 robi-

383 2918 466 2975 tate‚
480 2917 510 2960 ru
525 2903 554 2961 in
572 2915 653 2960 tanta
666 2900 823 2961 acerbitate
834 2946 844 2975 ,
855 2902 885 2961 in
902 2916 949 2960 ror
1006 2917 1076 2965 tan-¹

384 2982 420 3041 tis
433 2977 542 3063 injuriis
555 3001 665 3063 ,quum
679 2981 708 3039 in
723 2980 917 3054 arationibus,
931 2979 1005 3043 &in
1022 3000 1076 3045 ea·

384 3082 448 3122 rum
465 3081 562 3124 rerum
575 3059 637 3124 'ure
645 3062 797 3144 provincia
805 3057 901 3122 Sicilia
914 3059 1076 3137 consistat,

385 3144 495 3205 eversis
512 3083 641 3203 funditus
657 3140 841 3215 aratoribus,
857 3141 964 3203 reliffis
975 3143 1079 3225 agris,

405 3243 475 3282 uum
490 3223 520 3281 in
537 3224 688 3304 provincie
704 3239 765 3285 tam
781 3221 950 3304 locuplete,
973 3243 1010 3283 ac
1029 3243 1077 3284 re·

384 3242 477 3376 serra,
496 3324 558 3363 non
576 3303 668 3364 modi>
687 3323 771 3374 rem,
787 3301 838 3363 sed
853 3322 891 3362 ne
903 3301 988 3383 spem
1005 3304 1076 3386 quia

387 3382 552 3449 demullem
568 3382 709 3468 reliquam,
724 3383 857 3465 cuiquam
872 3380 978 3447 feceris
990 3427 1005 3461 ,
1018 3385 1076 3448 alu
