2550 4175
408 395 658 465 Actionis
682 392 731 464 r1.
755 390 802 461 l:
815 390 887 461 111.
938 403 988 484 37

311 504 464 585 phodoru's
478 504 600 568 venisset
617 507 756 579 AEtnanr‚
775 507 938 576 deotmot,
955 519 989 564 ut

290 614 292 619 .
311 586 367 645 sibi
384 584 432 645 sua
453 585 685 660 restituerentur;
700 587 849 647 hominem
863 586 989 664 corripi,

311 684 350 721 acv
376 664 424 724 lus
439 666 507 726 endi
523 664 603 745 jussit
629 668 658 725 in
681 664 804 727 oleastro
829 664 957 747 quodum
974 672 990 736 ‘;

324 748 327 753 ’
392 688 437 806 ed
455 747 566 820 arbor,
585 745 725 820 Iudices,
746 748 775 804 in
795 744 861 806 foro
881 766 889 805 r
912 760 991 804 tarn·

334 825 361 882 'u
375 827 514 905 pependit
531 827 561 885 in
586 826 691 886 arbore
710 824 802 885 socius
827 823 990 904 amicusque

303 904 413 985 populi
420 905 544 967 Ro'rn'ani
555 952 566 980 ,
579 908 610 965 in
619 904 763 967 sociorum
772 905 843 965 urbe
858 926 891 965 ac
901 903 968 964 foro
976 947 990 975 ,

303 984 431 1045 colonus
440 1003 590 1066 aratorque
600 984 696 1049 vester
709 1031 719 1062 ,
732 985 871 1068 quamdiu
879 983 989 1047 volun-

304 1077 356 1123 tas
371 1064 495 1145 Apronii
507 1068 580 1127 tulit.

354 1144 400 1225 58.
417 1144 533 1208 Genera
551 1144 721 1226 jamdudum
739 1145 990 1207 innumerabilium

308 1220 495 1303 injuriarum,
520 1226 656 1302 ludiim,
684 1226 800 1308 singulis
824 1224 990 1285 nominibus

309 1304 430 1383 profero
458 1327 465 1365 :
490 1305 630 1367 infinitam
647 1306 860 1366 multitudinem
875 1303 991 1382 injurie-

311 1403 375 1442 rum
385 1388 573 1463 ptaeterrnitto
584 1407 592 1446 t
604 1408 661 1449 vos
674 1403 741 1446 ante
753 1384 855 1445 oculos
867 1381 992 1444 animos-

311 1482 370 1542 que
391 1462 526 1539 vestros‘,
547 1466 611 1525 toti
638 1464 746 1525 sicilie·
765 1464 992 1540 decumanorum

302 1542 366 1602 [hos
376 1543 524 1622 impetus,
539 1562 684 1604 aratorum
699 1543 894 1623 direptiones,
906 1540 991 1623 hujus

309 1623 579 1704 importunitatem,
598 1625 725 1705 Apronii
739 1644 859 1704 regnum
879 1644 993 1705 propo-

308 1705 380 1763 nite.
401 1701 588 1785 Contempsit
609 1704 740 1764 Siculos:
762 1725 823 1764 non
840 1704 919 1764 duxit
935 1704 992 1767 ho·

308 1785 422 1857 mines,
444 1805 498 1845 nec
514 1785 589 1866 ipsos
608 1784 646 1844 ad
659 1782 887 1866 persequendum
898 1784 991 1845 vehe-

308 1880 424 1924 mentes
432 1863 496 1926 fore
508 1909 518 1938 ‚
532 1866 564 1926 &
573 1886 628 1926 vos
643 1884 745 1925 eorum
758 1861 873 1944 injurias
886 1863 990 1927 leviter

307 1941 417 2002 laturos
430 1943 609 2004 existimavit.

351 2021 486 2082 XXIV.
510 2021 578 2082 Esto
602 2042 610 2080 :
631 2022 729 2082 sellim
749 2022 787 2083 de
813 2022 868 2083 illis
890 2022 991 2083 hahuit

310 2103 501 2182 opinionem,
521 2104 627 2163 malam
653 2103 690 2165 de
716 2104 822 2164 vobis:
845 2121 991 2166 verumta-

299 2203 379 2242 men
399 2203 487 2322 ippum
511 2183 548 2243 de
576 2181 677 2244 Siculis
701 2184 777 2244 male
807 2202 989 2259 mereretur,

308 2268 389 2323 cives
437 2284 558 2325 ornanos
577 2263 666 2323 coluit
677 2308 695 2335 ,.
708 2265 757 2323 his.
773 2264 909 2338 indulsit,
936 2285 992 2324 eo·-

303 2363 371 2407 1u1n
392 2344 536 2404 voluntati
558 2345 590 2404 &
610 2346 713 2425 'gratlae
731 2343 843 2404 deditus
853 2343 916 2404 fuit.
932 2343 989 2405 Iste

307 2425 388 2483 cives
401 2423 580 2488 Romanos?
592 2423 638 2482 At
649 2423 747 2483 nullus
761 2426 902 2484 inimicior
915 2469 925 2498 ‚
940 2441 989 2485 aut

305 2501 435 2564 infestior
453 2503 517 2563 fuit.
542 2501 632 2563 Mitto
649 2503 771 2578 vincla,
789 2506 876 2563 rnitto
895 2522 991 2565 carce·

300 2604 370 2644 ‚rem
384 2627 394 2656 ‚
406 2586 492 2644 mitto
507 2585 653 2655 verber-a,
669 2586 755 2643 mitto
771 2581 907 2645 securene
939 2592 941 2601 '
1010 2636 1012 2641 .

299 2683 374 2723 ‚cern
389 2662 513 2744 denique
531 2664 609 2722 illam
618 2665 826 2744 pretermitto',
839 2671 928 2744 quum
1093 2720 1101 2735 ,,

307 2744 417 2805 ciuibus
425 2743 565 2808 Romanis
575 2741 677 2803 testem
686 2604 1093 2885 humanitatiilff
1105 2744 1106 2747 ’

301 2843 346 2890 =ao
362 2824 576 2884 benevolentiae
596 2820 651 2882 luae
665 2822 760 2883 voluit
781 2819 869 2885 effer.
908 2820 928 2839 “’

306 2907 445 2982 inquam,
465 2903 525 2961 haec
548 2903 668 2974 onmia,
690 2917 780 2982 atque
795 2903 828 2973 itt
843 2900 883 2997 di
