2550 4175
260 386 340 473 416
487 380 706 450 Oumo

261 512 293 555 ut
313 495 357 554 vis
375 513 409 552 ae
419 490 555 557 dedudio
564 499 693 557 moribus
702 491 945 573 fieret,pulsum,'
1008 509 1012 520 ·

260 574 495 656 prohibitumque
513 577 570 639 effe
587 580 642 651 vi,
659 574 764 636 coauis
781 574 948 634 hominibus

261 656 296 715 ὃ(
305 657 431 715 armatis.
444 655 548 736 Quum
564 658 623 718 hoc
637 655 748 717 constet
764 699 774 728 ‚
786 675 843 736 ego
853 654 948 715 homo

259 737 411 817 imperitus
429 733 517 815 juris,
533 742 648 820 ignarus
666 737 853 818 negotiorum
868 755 901 795 ac
917 737 950 794 li·

260 818 333 876 tium
345 862 355 890 ‚
365 817 439 876 hanc
459 835 532 897 puto
545 839 593 878 me
609 816 718 877 habere
737 816 904 890 addonem,
917 833 951 877 ut

261 917 315 979 per
330 896 515 956 interdistum
525 943 534 972 ‚
546 919 644 958 meum
654 895 698 976 jus
707 913 824 957 teneam
837 941 848 971 ‚
861 913 951 978 atque

261 974 394 1055 injuriam
403 993 482 1036 tuam
498 977 661 1059 persequar.
677 978 734 1037 Fac
745 980 774 1037 in
783 977 841 1037 hoc
853 997 951 1039 errare

261 1077 331 1129 me,
353 1077 408 1118 nec
424 1057 484 1116 ullo
501 1059 592 1118 modo
611 1055 693 1138 poffe
712 1079 764 1139 per
779 1058 837 1119 hoc
857 1060 953 1119 inter·

261 1137 370 1196 diuum
387 1136 419 1196 id
438 1135 563 1220 affequi,
582 1139 663 1219 quod
683 1140 775 1199 velim
788 1160 795 1198 :
809 1156 841 1198 te
859 1141 903 1198 uti
921 1139 952 1199 in

261 1217 317 1278 hac
339 1238 371 1279 re
390 1216 523 1299 magistro
543 1221 628 1281 volo.
646 1219 781 1299 Quaero‚
802 1221 879 1279 sitne
899 1218 954 1279 ali-

263 1319 322 1380 qua
338 1295 424 1378 hujus
436 1301 478 1359 rei
494 1299 588 1375 adio,
613 1320 650 1359 an
672 1301 759 1360 nulla.
779 1297 954 1361 Convocari

262 1378 400 1440 homines
424 1399 546 1462 propter
566 1379 751 1463 possessionis
775 1397 954 1443 controver-

190 1471 197 1483 “
264 1462 337 1520 siam
356 1481 417 1521 non
436 1477 576 1542 oportet:
595 1464 696 1521 armari
714 1460 954 1536 multitudinem,

264 1538 335 1631 juris
347 1542 491 1603 retinendi
509 1541 593 1603 causi
608 1588 617 1616 ,
633 1563 695 1602 non
715 1542 857 1602 convenit
876 1563 956 1604 :nec

266 1623 336 1703 juris
348 1621 505 1702 quidquam
521 1640 582 1682 tam
603 1624 773 1693 inimicum,
788 1620 878 1702 quim
887 1625 954 1684 vis:

266 1722 323 1762 uec
348 1704 474 1782 aequitati
492 1703 650 1783 quidquam
669 1720 729 1762 tam
742 1700 879 1764 infestum
892 1701 935 1764 est
943 1748 957 1778 ,

267 1780 355 1864 quim
373 1784 531 1841 convocati
547 1783 704 1858 homines,
719 1784 750 1845 δι
765 1785 878 1844 armati.

308 1860 389 1923 Xll.
411 1861 506 1943 Quod
522 1884 611 1945 quum
628 1866 668 1924 ita
689 1867 725 1924 sit
739 1909 749 1938 ,
765 1862 868 1946 resque
878 1859 959 1944 ejus-

267 1943 351 2006 modi
367 1945 423 2019 sit,
437 1961 469 2004 ut
485 1946 515 2004 in
551 1945 628 2004 rimis
643 1967 661 2004 a
671 1943 882 2040 magistratibus
896 1946 959 2006 ani·

267 2025 481 2089 madvertenda
493 2046 509 2088 e
533 2046 549 2090 e
561 2024 716 2104 videatur,
729 2041 834 2089 iterum
844 2046 960 2110 quero,

268 2109 344 2170 sitne
358 2105 421 2168 e‘us
437 2108 479 2169 rei
491 2110 587 2190 aliqua
602 2106 699 2183 adio,
716 2129 753 2168 an
764 2107 843 2169 nulla
862 2128 870 2169 ε
890 2107 960 2171 nul·

267 2187 327 2249 lam
345 2128 403 2251 ede
419 2188 498 2250 dices
509 2195 519 2247 i
531 2189 629 2251 audire
642 2192 728 2270 cupio
743 2210 751 2249 ε
770 2190 820 2271 qui
835 2191 867 2249 in
880 2208 959 2271 pace

269 2268 304 2329 ἂ
318 2270 403 2344 otio,
438 2291 507 2331 uum
517 2290 636 2329 manum
654 2269 775 2343 fecerit,
791 2271 895 2351 copias
906 2292 971 2367 pan.-

267 2351 361 2425 mit,
380 2291 595 2411 mdtitudinem
615 2351 767 2411 hominum
795 2353 960 2433 codgent,

269 2432 385 2490 armarit
396 2476 405 2504 ‚
415 2428 574 2490 instruxerit
585 2477 595 2503 ‚
605 2431 739 2491 homines
751 2433 899 2506 inermes,
909 2434 960 2515 qui

269 2508 308 2571 od
324 2507 508 2570 constitutum
526 2511 697 2589 expedendi
710 2508 776 2590 juris
792 2510 883 2593 gradi
900 2532 962 2575 ve·

269 2591 386 2664 nitent,
406 2592 513 2664 armis,
532 2592 623 2665 viris,
647 2608 783 2667 terrore,
804 2592 962 2673 periculo-

269 2689 327 2751 que
349 2672 451 2733 mortis
469 2670 626 2752 repulerit,
648 2670 776 2755 fugarit,
796 2674 964 2753 averterit,

269 2751 327 2812 hoc
343 2751 439 2811 dicat:
967 2814 974 2823 ,,

315 2847 362 2911 34.
381 2832 450 2893 Feci
466 2831 624 2913 equidem,
641 2854 704 2915 quae
723 2832 817 2907 dicis,
834 2836 961 2899 omniu

274 2911 356 2981 &ea
371 2910 433 2977 sum
444 2912 477 2976 ὃ(
487 2913 670 2991 turbulenta,
688 2913 720 2980 δι
735 2916 966 2993 temetum&
