2550 4175
393 390 727 461 Acrrortrs'll.
752 390 790 459 L.
814 387 881 458 III.
923 334 979 482 or·

296 499 445 565 medicum
462 550 472 577 ‚
491 505 522 564 &
540 502 719 585 haruspicem
736 548 747 578 ‚
762 503 794 563 δι
811 508 980 585 pr'aeconem

296 603 401 656 tuum,
419 600 638 666 recuperatores
652 583 731 644 dabis
746 627 756 656 ‚
773 602 822 643 aut
839 586 927 646 etiam
943 584 980 644 il·

295 664 356 724 lum
374 664 488 746 ipsum,
506 684 595 746 quem
608 680 639 723 tu
652 666 682 724 in
697 664 818 725 cohorte
835 682 885 725 tua
900 664 980 725 Cas-

295 747 408 806 sianum
420 743 548 822 judicem
559 744 706 817 habebas,
722 745 745 803 si
758 766 814 824 qua
825 765 872 805 res
884 741 981 824 major

295 823 387 899 esset,
413 824 557 907 Papirium
582 824 801 897 Potamonem,
828 825 979 885 hominem

294 904 450 979 severum,
471 920 622 966 exuetere
639 905 688 964 illa
709 903 833 985 equestri
854 903 980 986 discipli·

296 987 359 1045 na?
379 985 535 1046 Scandilius
556 983 701 1066 postulare
714 986 751 1044 de
770 1003 918 1046 conventu
931 1004 980 1046 re*

295 1084 492 1146 cuperatores.
510 1064 590 1125 Tum
610 1062 662 1125 iste
681 1080 770 1146 negat
784 1063 813 1125 se
833 1066 871 1126 de
887 1062 981 1125 existi·

294 1148 423 1208 matione
438 1145 488 1206 sua
504 1148 658 1227 cuiquam,
675 1146 730 1204 nisi
748 1144 822 1217 suis,
840 1148 981 1206 commis-0

295 1246 402 1287 turum.
416 1225 625 1309 Negotiatores
642 1239 744 1305 putant
760 1221 818 1283 elle
828 1242 933 1305 turpe,
948 1224 980 1284 id

294 1305 393 1367 forum
408 1307 461 1366 sibi
476 1308 606 1387 iniquum
617 1302 729 1381 ejurare
742 1303 814 1376 ‚ubi
828 1306 982 1386 negotien-¹

294 1402 353 1446 tur.
372 1385 482 1446 Praetor
501 1386 682 1467 provinciam
702 1383 782 1444 suam
804 1399 899 1445 totam
926 1384 982 1443 sibi

293 1468 422 1548 iniquam
436 1465 541 1543 ejurat.

335 1546 400 1625 138.
420 1546 451 1607 0
477 1544 688 1627 impudentiam
706 1542 899 1625 singularem!
923 1542 982 1604 Hic

294 1625 419 1709 postulat
435 1626 464 1687 se
482 1626 586 1687 Romae
602 1622 733 1696 absolvi,
748 1625 836 1704 quiin
849 1624 897 1684 sua
911 1645 983 1704 pro-

294 1710 391 1769 vincia
401 1706 540 1787 judicavit
553 1705 583 1765 se
598 1703 710 1764 absolvi
722 1703 801 1763 nullo
812 1704 904 1764 modo
913 1702 982 1785 pos,

294 1786 347 1849 se?
364 1792 413 1871 qui
422 1788 486 1871 plus
502 1784 646 1848 existimet
661 1783 738 1866 apud
753 1782 921 1845 ledissimos
934 1783 980 1847 se·

294 1884 413 1929 natores
430 1869 584 1950 pecuniam
597 1910 607 1939 ,
620 1865 709 1946 quim
721 1864 799 1944 apud
815 1882 873 1926 tres
883 1885 983 1946 nego·

295 1950 417 2009 uiatores
443 1963 555 2006 metum
576 1944 703 2005 valere?
725 1944 885 2005 Scandilius
905 1946 983 2006 verb

296 2044 384 2111 negat
403 2024 461 2088 sese
479 2025 557 2108 apud
581 2023 803 2086 Artemidorum
824 2045 983 2106 recupera·

295 2125 392 2169 torem
410 2107 535 2169 verbum
559 2104 615 2167 erse
644 2105 811 2166 facturum:
834 2108 867 2166 &
880 2124 981 2166 tamen

297 2206 404 2272 auget,
426 2205 511 2269 atque
526 2203 629 2247 onerat
644 2203 677 2247 te
699 2187 785 2247 bonis
805 2186 981 2246 conditioni-

295 2270 373 2342 bus,
392 2270 415 2328 si
434 2286 466 2329 tu
484 2271 525 2328 uti
541 2268 625 2329 velis.
643 2265 675 2327 si
691 2288 727 2328 ex
739 2270 889 2347 provincia
907 2265 983 2326 Sici·

294 2349 333 2409 lia
346 2366 410 2411 tota
428 2347 533 2408 statuas
550 2348 691 2408 idoneum
708 2345 833 2424 judicem
847 2363 916 2420 ‚aut
929 2366 981 2407 re·

296 2447 500 2511 cuperutorem
521 2428 630 2490 nullum
651 2424 732 2508 polle
755 2430 895 2508 reperiri,
912 2426 982 2508 pos·

295 2511 367 2573 tulat
384 2532 401 2569 a
421 2526 471 2583 re,
489 2527 522 2569 ut
541 2508 669 2568 Romam
682 2505 804 2586 rejicias.

341 2607 407 2670 139.
419 2589 477 2650 Hic
486 2591 640 2650 enimvero
654 2604 686 2649 tu
703 2587 864 2663 exclamas,
878 2587 980 2675 hom}-

294 2690 364 2731 nem
382 2671 571 2751 improbum,
598 2672 647 2749 qui
666 2666 792 2749 postulet
810 2669 850 2729 ibi
869 2667 907 2728 de

295 2749 506 2810 existimatione
527 2748 664 2829 judicium
686 2747 748 2809 fieri
762 2792 773 2821 ,
788 2748 839 2807 ubi
854 2765 885 2808 te
895 2749 910 2809 -i

295 2829 407 2889 diosum
427 2829 483 2891 elle
494 2830 674 2912 intelligebat
685 2850 693 2888 :
706 2844 838 2909 negas-te
851 2827 900 2904 Ro

295 2907 470 2991 rejeuumm
488 2930 497 2973 t
513 2930 602 2995 negas
622 2910 660 2970 de
683 2925 833 2972 conventu
859 2907 915 2991 re'¹
