2550 4175
414 368 526 437 Pico
553 367 601 436 A.
621 367 858 437 sacrm.
908 383 987 458 ιμ’

301 501 366 543 rum
388 478 532 561 dejicitur.
555 479 715 543 Omnino:
735 479 795 562 jam
811 481 888 544 berre
905 477 988 564 agis:

301 563 426 625 averbis
439 565 518 623 enim
528 562 663 635 recedis,
678 563 715 622 ·&
729 567 861 646 aequitate
877 563 988 623 uteris:

300 665 369 705 nam
385 645 476 705 verba
486 642 547 725 ipsa
558 645 582 704 si
593 641 676 724 sequi
688 645 846 720 volumus,
862 660 993 727 quomo*t

301 724 342 785 do
356 743 387 785 tu
405 723 556 803 dejiceris,
597 737 676 784 uum·
689 724 785 785 servus
798 742 864 785 tuus
882 724 988 787 de'ici-

300 823 347 865 tur
358 805 369 864 ἓ
379 806 493 866 Verbm
507 809 547 866 ita
557 745 619 880 ed,
635 806 678 864 uti
694 806 762 865 dicis
774 827 781 864 :
792 821 822 866 te
841 747 986 886 dejedum

299 886 400 947 debeo
416 887 600 970 intelligere,
617 888 731 946 etiamsi
742 885 832 947 radus
849 907 911 946 non
923 886 990 948 fue-

299 970 338 1026 ris
352 990 362 1028 .·
374 973 497 1029 nonne?
513 968 542 1029 A
565 987 668 1029 cnunc
678 1014 690 1041 ,
701 970 725 1028 si
741 987 780 1029 ne
790 985 908 1028 tuorum
920 969 988 1050 qui-

300 1048 370 1112 dem
384 1048 451 1131 quis
484 1071 532 1110 am
542 989 612 1111 foco
626 1068 723 1110 motus
736 1052 790 1111 erit
800 1094 810 1125 ,
821 1063 989 1132 etqueonr·

299 1149 352 1190 ues
370 1132 399 1190 in
417 1153 441 1191 ae
463 1133 526 1191 ibus
546 1130 714 1205 adservati,
737 1151 770 1191 ac
796 1130 930 1193 retenti:
952 1145 986 1193 tu

296 1210 373 1272 solus
385 1213 546 1293 prohibitus
558 1257 568 1285 ,
580 1212 611 1271 δι
623 1232 641 1272 a
652 1214 707 1271 tuis
720 1211 829 1271 aedibus
838 1214 887 1286 vi,
899 1228 987 1294 atque

297 1295 383 1352 armis
409 1294 577 1374 perterritus
600 1295 728 1351 t'utrbm
745 1291 820 1352 hanc
840 1289 987 1353 aaronem

297 1372 444 1446 habebis,
470 1372 528 1455 qud
551 1392 606 1432 nos
627 1374 672 1431 usi
697 1372 818 1444 sumus,
839 1393 876 1433 an
899 1371 985 1431 aliam

297 1455 490 1535 quampiam,
512 1474 549 1512 an
569 1455 692 1513 omnino
721 1452 856 1512 nullam?
876 1450 986 1513 trullam

298 1532 356 1595 effe
376 1533 522 1596 adionem
541 1532 638 1593 dicere
656 1534 687 1593 in
714 1551 748 1593 re
775 1548 835 1592 tam
854 1532 986 1613 insigni,

297 1631 417 1697 tamque
436 1616 549 1689 moci,
570 1631 668 1697 neque
687 1612 849 1695 prudentie
861 1623 986 1694 ,reque

298 1694 475 1758 audoritatis
494 1713 551 1757 tuae
563 1694 605 1757 est
623 1717 633 1756 .·
649 1694 703 1756 alia
722 1696 815 1778 siqua
833 1692 910 1755 forte
924 1691 986 1767 est,

297 1797 362 1859 quae
383 1799 437 1840 nos
450 1776 577 1861 fugerit,
595 1776 662 1853 dic,
680 1797 745 1861 quae
761 1780 815 1838 sit:
827 1777 914 1859 cupio
930 1774 987 1836 dis·

296 1877 375 1920 cere.

330 1937 390 2079 28.
409 1938 483 1999 Haec
502 1938 526 1997 si
541 1934 602 2011 est,
616 1936 673 2017 qud
688 1957 743 1997 nos
760 1938 804 1995 usi
818 1935 913 1995 sumus
929 1956 937 1995 t
954 1947 985 1998 te

295 2015 328 2102 ju
350 2022 395 2080 ice
417 2019 568 2082 vincamus
591 2015 706 2079 neceffe
733 2014 775 2078 est
797 2018 986 2077 :nonenim

295 2120 426 2174 vereor,
450 2118 489 2160 rte
507 2099 564 2160 hoc
583 2099 662 2158 dicas
677 2124 690 2173 ,·
705 2100 736 2158 in
758 2097 863 2160 eadem
883 2096 985 2173 causa,

296 2181 406 2243 eodem
430 2177 611 2252 interditu,
632 2196 663 2240 te
687 2191 828 2262 oportere
852 2175 984 2254 restitui,

297 2259 446 2324 Caecinam
470 2280 533 2322 non
552 2274 702 2342 oportere.
721 2259 840 2321 Etenim
854 2260 900 2319 cui
913 2270 986 2339 pet·

295 2343 425 2427 spicuum
439 2363 499 2404 non
510 2344 565 2417 sit,
575 2342 612 2402 ad
624 2341 766 2402 incertum
776 2342 910 2401 revocari
925 2340 982 2401 bo·

295 2447 358 2500 na,
382 2425 537 2498 fortunas,
555 2419 749 2506 poffessiones
778 2423 930 2495 omnium,
960 2423 985 2481 si

295 2506 355 2566 ulla
368 2522 406 2566 ex
417 2523 501 2588 parte
516 2505 659 2567 sententia
672 2503 757 2582 hujus
773 2502 914 2563 interdiffi
930 2502 985 2563 de-

295 2590 430 2661 minuta,
456 2603 504 2648 aut
527 2584 670 2648 infirmata
689 2588 749 2646 sit?
772 2587 795 2644 si
815 2584 984 2644 dodoritate

296 2668 429 2726 virorum
440 2669 540 2726 talium
551 2713 560 2741 ,
572 2671 617 2726 vis
626 2687 802 2727 amatorum
812 2667 984 2738 hominum,

296 2743 407 2828 judicio
420 2748 583 2827 approbata
591 2748 724 2806 videatur
736 2768 743 2804 z
757 2749 788 2803 in
801 2766 859 2824 quo
875 2743 983 2822 judicio

297 2826 418 2888 nonde
443 2830 529 2886 armis
547 2826 734 2899 dubitatum,
759 2824 810 2884 sed
832 2824 868 2884 de
888 2828 986 2887 verbis

298 2908 452 2991 qudeim
478 2903 539 2968 'effe
565 2904 677 2968 ditatur
700 2908 712 2961 ἓ
733 2903 905 3046 ltnesipud
928 2925 987 2968 vos

843 3010 874 3065 vi
