<?xml version="1.0" encoding="UTF-8"?>
<!DOCTYPE html PUBLIC "-//W3C//DTD XHTML 1.0 Transitional//EN"
    "http://www.w3.org/TR/xhtml1/DTD/xhtml1-transitional.dtd">
<html xmlns="http://www.w3.org/1999/xhtml" xml:lang="en" lang="en">
 <head>
  <title>
</title>
<meta http-equiv="Content-Type" content="text/html;charset=utf-8" />
  <meta name='ocr-system' content='tesseract 3.04.00' />
  <meta name='ocr-capabilities' content='ocr_page ocr_carea ocr_par ocr_line ocrx_word'/>
</head>
<body>
  <div class='ocr_page' id='page_1' title='image "./mtulliiciceroni05lallgoog_0189.png"; bbox 0 0 2550 4175; ppageno 0'>
   <div class='ocr_carea' id='block_1_1' title="bbox 406 386 988 460">
    <p class='ocr_par' dir='ltr' id='par_1_1' title="bbox 406 386 988 460">
     <span class='ocr_line' id='line_1_1' title="bbox 406 386 988 460; baseline 0.002 -2"><span class='ocrx_word' id='word_1_1' title='bbox 406 388 665 460; x_wconf 80' lang='lat' dir='ltr'>Acrronts</span> <span class='ocrx_word' id='word_1_2' title='bbox 690 386 737 460; x_wconf 80' lang='grc' dir='ltr'>Π.</span> <span class='ocrx_word' id='word_1_3' title='bbox 762 386 881 460; x_wconf 65' lang='lat' dir='ltr'><em>LJIV.</em></span> <span class='ocrx_word' id='word_1_4' title='bbox 913 387 988 459; x_wconf 66' lang='lat'>181·</span> 
     </span>
    </p>
   </div>
   <div class='ocr_carea' id='block_1_2' title="bbox 306 499 992 585">
    <p class='ocr_par' dir='ltr' id='par_1_2' title="bbox 306 499 992 585">
     <span class='ocr_line' id='line_1_2' title="bbox 306 499 992 585; baseline -0.003 -21"><span class='ocrx_word' id='word_1_5' title='bbox 306 500 640 585; x_wconf 73' lang='lat' dir='ltr'>posteaquam-Gordius</span> <span class='ocrx_word' id='word_1_6' title='bbox 653 523 705 583; x_wconf 87' lang='lat' dir='ltr'>pro</span> <span class='ocrx_word' id='word_1_7' title='bbox 713 499 883 562; x_wconf 82' lang='lat' dir='ltr'>&#39;testimonio</span> <span class='ocrx_word' id='word_1_8' title='bbox 895 502 992 576; x_wconf 72' lang='lat' dir='ltr'>dixit,</span> 
     </span>
    </p>
   </div>
   <div class='ocr_carea' id='block_1_3' title="bbox 307 580 1080 663">
    <p class='ocr_par' dir='ltr' id='par_1_3' title="bbox 307 580 1080 663">
     <span class='ocr_line' id='line_1_3' title="bbox 307 580 1080 663; baseline 0.005 -21"><span class='ocrx_word' id='word_1_9' title='bbox 307 600 339 643; x_wconf 80' lang='lat' dir='ltr'>te</span> <span class='ocrx_word' id='word_1_10' title='bbox 359 586 411 644; x_wconf 88' lang='lat' dir='ltr'>sibi</span> <span class='ocrx_word' id='word_1_11' title='bbox 430 582 601 655; x_wconf 78' lang='lat' dir='ltr'>reddidiffe,</span> <span class='ocrx_word' id='word_1_12' title='bbox 617 580 706 642; x_wconf 77' lang='lat' dir='ltr'>finem</span> <span class='ocrx_word' id='word_1_13' title='bbox 721 582 861 642; x_wconf 87' lang='lat' dir='ltr'>reddendi</span> <span class='ocrx_word' id='word_1_14' title='bbox 876 581 990 643; x_wconf 65' lang='lat' dir='ltr'>fecistis</span> <span class='ocrx_word' id='word_1_15' title='bbox 1025 604 1027 608; x_wconf 85' lang='lat'>·</span> <span class='ocrx_word' id='word_1_16' title='bbox 1052 625 1054 629; x_wconf 93' lang='lat'>-</span> <span class='ocrx_word' id='word_1_17' title='bbox 1078 658 1080 663; x_wconf 28' lang='grc' dir='ltr'>Ι</span> 
     </span>
    </p>
   </div>
   <div class='ocr_carea' id='block_1_4' title="bbox 293 662 994 2912">
    <p class='ocr_par' dir='ltr' id='par_1_4' title="bbox 293 662 994 2912">
     <span class='ocr_line' id='line_1_4' title="bbox 306 662 994 744; baseline 0.004 -22"><span class='ocrx_word' id='word_1_18' title='bbox 306 664 389 744; x_wconf 73' lang='lat' dir='ltr'>quod</span> <span class='ocrx_word' id='word_1_19' title='bbox 407 663 588 733; x_wconf 82' lang='lat' dir='ltr'>intellexisti,</span> <span class='ocrx_word' id='word_1_20' title='bbox 602 676 659 734; x_wconf 81' lang='lat' dir='ltr'>te„</span> <span class='ocrx_word' id='word_1_21' title='bbox 683 662 780 741; x_wconf 76' lang='lat' dir='ltr'>praedti</span> <span class='ocrx_word' id='word_1_22' title='bbox 797 662 834 722; x_wconf 86' lang='lat' dir='ltr'>de</span> <span class='ocrx_word' id='word_1_23' title='bbox 856 663 994 725; x_wconf 82' lang='lat' dir='ltr'>manibus</span> 
     </span>
     <span class='ocr_line' id='line_1_5' title="bbox 305 740 987 824; baseline 0.003 -22"><span class='ocrx_word' id='word_1_24' title='bbox 305 745 407 803; x_wconf 70' lang='lat' dir='ltr'>amissi</span> <span class='ocrx_word' id='word_1_25' title='bbox 420 787 432 818; x_wconf 75' lang='lat'>,</span> <span class='ocrx_word' id='word_1_26' title='bbox 446 743 642 805; x_wconf 74' lang='lat' dir='ltr'>testimonium</span> <span class='ocrx_word' id='word_1_27' title='bbox 660 758 758 801; x_wconf 86' lang='lat' dir='ltr'>tamen</span> <span class='ocrx_word' id='word_1_28' title='bbox 780 740 905 824; x_wconf 85' lang='lat' dir='ltr'><strong>effugere</strong></span> <span class='ocrx_word' id='word_1_29' title='bbox 926 765 987 804; x_wconf 85' lang='lat' dir='ltr'>non</span> 
     </span>
     <span class='ocr_line' id='line_1_6' title="bbox 305 820 989 904; baseline 0.001 -21"><span class='ocrx_word' id='word_1_30' title='bbox 305 823 398 904; x_wconf 78' lang='lat' dir='ltr'>posse.</span> <span class='ocrx_word' id='word_1_31' title='bbox 417 823 475 885; x_wconf 86' lang='lat' dir='ltr'>Cn.</span> <span class='ocrx_word' id='word_1_32' title='bbox 493 822 631 895; x_wconf 83' lang='lat' dir='ltr'>Calidio,</span> <span class='ocrx_word' id='word_1_33' title='bbox 650 823 737 903; x_wconf 84' lang='lat' dir='ltr'>equiti</span> <span class='ocrx_word' id='word_1_34' title='bbox 756 820 912 897; x_wconf 88' lang='lat' dir='ltr'>Romano,</span> <span class='ocrx_word' id='word_1_35' title='bbox 936 845 989 904; x_wconf 85' lang='lat' dir='ltr'>pet·</span> 
     </span>
     <span class='ocr_line' id='line_1_7' title="bbox 305 903 989 984; baseline 0.003 -21"><span class='ocrx_word' id='word_1_36' title='bbox 305 926 410 965; x_wconf 85' lang='lat' dir='ltr'>omnes</span> <span class='ocrx_word' id='word_1_37' title='bbox 459 924 577 965; x_wconf 80' lang='lat' dir='ltr'>taetores</span> <span class='ocrx_word' id='word_1_38' title='bbox 597 904 677 962; x_wconf 84' lang='lat' dir='ltr'>licuit</span> <span class='ocrx_word' id='word_1_39' title='bbox 704 920 855 984; x_wconf 84' lang='lat' dir='ltr'>argentum</span> <span class='ocrx_word' id='word_1_40' title='bbox 880 903 989 965; x_wconf 83' lang='lat' dir='ltr'><strong>habere</strong></span> 
     </span>
     <span class='ocr_line' id='line_1_8' title="bbox 305 928 989 1065; baseline 0.001 -22"><span class='ocrx_word' id='word_1_41' title='bbox 305 984 387 1045; x_wconf 79' lang='lat' dir='ltr'>beno</span> <span class='ocrx_word' id='word_1_42' title='bbox 403 928 507 1045; x_wconf 63' lang='lat' dir='ltr'>fadum</span> <span class='ocrx_word' id='word_1_43' title='bbox 527 1008 534 1045; x_wconf 93' lang='lat'>:</span> <span class='ocrx_word' id='word_1_44' title='bbox 553 986 630 1044; x_wconf 90' lang='lat' dir='ltr'>licuit</span> <span class='ocrx_word' id='word_1_45' title='bbox 649 982 729 1065; x_wconf 81' lang='lat' dir='ltr'>poffe</span> <span class='ocrx_word' id='word_1_46' title='bbox 749 981 913 1043; x_wconf 89' lang='lat' dir='ltr'>domesticis</span> <span class='ocrx_word' id='word_1_47' title='bbox 933 1005 989 1044; x_wconf 87' lang='lat' dir='ltr'>co·</span> 
     </span>
     <span class='ocr_line' id='line_1_9' title="bbox 304 1063 990 1148; baseline 0.003 -25"><span class='ocrx_word' id='word_1_48' title='bbox 304 1067 383 1145; x_wconf 88' lang='lat' dir='ltr'>piis,</span> <span class='ocrx_word' id='word_1_49' title='bbox 402 1088 489 1148; x_wconf 88' lang='lat' dir='ltr'>quum</span> <span class='ocrx_word' id='word_1_50' title='bbox 504 1064 719 1147; x_wconf 85' lang='lat' dir='ltr'>magistratum,</span> <span class='ocrx_word' id='word_1_51' title='bbox 738 1081 790 1124; x_wconf 87' lang='lat' dir='ltr'>aut</span> <span class='ocrx_word' id='word_1_52' title='bbox 806 1064 932 1145; x_wconf 89' lang='lat' dir='ltr'>aliquem</span> <span class='ocrx_word' id='word_1_53' title='bbox 942 1063 990 1125; x_wconf 85' lang='lat' dir='ltr'>su·</span> 
     </span>
     <span class='ocr_line' id='line_1_10' title="bbox 303 1144 988 1226; baseline 0.001 -21"><span class='ocrx_word' id='word_1_54' title='bbox 303 1149 452 1226; x_wconf 79' lang='lat' dir='ltr'>perioretn</span> <span class='ocrx_word' id='word_1_55' title='bbox 471 1144 635 1216; x_wconf 71' lang='lat' dir='ltr'>invitasset,</span> <span class='ocrx_word' id='word_1_56' title='bbox 655 1166 781 1218; x_wconf 82' lang='lat' dir='ltr'>ornare,</span> <span class='ocrx_word' id='word_1_57' title='bbox 801 1146 833 1205; x_wconf 90' lang='lat'><strong>&amp;</strong></span> <span class='ocrx_word' id='word_1_58' title='bbox 847 1165 988 1226; x_wconf 79' lang='lat' dir='ltr'><strong>apparare</strong></span> 
     </span>
     <span class='ocr_line' id='line_1_11' title="bbox 302 1223 988 1297; baseline 0.004 -13"><span class='ocrx_word' id='word_1_59' title='bbox 302 1230 470 1286; x_wconf 87' lang='lat' dir='ltr'>convivium</span> <span class='ocrx_word' id='word_1_60' title='bbox 485 1229 585 1288; x_wconf 87' lang='lat' dir='ltr'>:multi</span> <span class='ocrx_word' id='word_1_61' title='bbox 602 1224 754 1286; x_wconf 89' lang='lat' dir='ltr'>domiCn.</span> <span class='ocrx_word' id='word_1_62' title='bbox 774 1223 904 1297; x_wconf 83' lang='lat' dir='ltr'>Calidii,</span> <span class='ocrx_word' id='word_1_63' title='bbox 920 1247 988 1287; x_wconf 78' lang='lat' dir='ltr'>cum</span> 
     </span>
     <span class='ocr_line' id='line_1_12' title="bbox 301 1304 988 1387; baseline 0.001 -24"><span class='ocrx_word' id='word_1_64' title='bbox 301 1306 477 1385; x_wconf 73' lang='lat' dir='ltr'>imperiose</span> <span class='ocrx_word' id='word_1_65' title='bbox 498 1306 647 1387; x_wconf 73' lang='lat' dir='ltr'>potestate</span> <span class='ocrx_word' id='word_1_66' title='bbox 660 1304 776 1365; x_wconf 78' lang='lat' dir='ltr'>firenunt</span> <span class='ocrx_word' id='word_1_67' title='bbox 799 1326 915 1364; x_wconf 81' lang='lat' dir='ltr'>:nemo</span> <span class='ocrx_word' id='word_1_68' title='bbox 940 1308 988 1365; x_wconf 84' lang='lat' dir='ltr'>in·-</span> 
     </span>
     <span class='ocr_line' id='line_1_13' title="bbox 300 1384 987 1465; baseline 0 -20"><span class='ocrx_word' id='word_1_69' title='bbox 300 1404 409 1445; x_wconf 85' lang='lat' dir='ltr'>ventus</span> <span class='ocrx_word' id='word_1_70' title='bbox 427 1386 467 1445; x_wconf 88' lang='lat' dir='ltr'>est</span> <span class='ocrx_word' id='word_1_71' title='bbox 484 1403 541 1445; x_wconf 85' lang='lat' dir='ltr'>tam</span> <span class='ocrx_word' id='word_1_72' title='bbox 557 1406 677 1455; x_wconf 87' lang='lat' dir='ltr'>amens,</span> <span class='ocrx_word' id='word_1_73' title='bbox 694 1388 743 1465; x_wconf 88' lang='lat' dir='ltr'>qui</span> <span class='ocrx_word' id='word_1_74' title='bbox 755 1384 826 1443; x_wconf 87' lang='lat' dir='ltr'>illud</span> <span class='ocrx_word' id='word_1_75' title='bbox 835 1400 987 1464; x_wconf 84' lang='lat' dir='ltr'>argentum</span> 
     </span>
     <span class='ocr_line' id='line_1_14' title="bbox 301 1462 987 1545; baseline 0 -21"><span class='ocrx_word' id='word_1_76' title='bbox 301 1481 363 1524; x_wconf 88' lang='lat' dir='ltr'>tam</span> <span class='ocrx_word' id='word_1_77' title='bbox 377 1465 567 1545; x_wconf 87' lang='lat' dir='ltr'>praeclarutn,</span> <span class='ocrx_word' id='word_1_78' title='bbox 584 1487 617 1525; x_wconf 86' lang='lat' dir='ltr'>ac</span> <span class='ocrx_word' id='word_1_79' title='bbox 638 1484 697 1524; x_wconf 86' lang='lat' dir='ltr'>tarn</span> <span class='ocrx_word' id='word_1_80' title='bbox 718 1462 817 1523; x_wconf 82' lang='lat' dir='ltr'>nobiie</span> <span class='ocrx_word' id='word_1_81' title='bbox 839 1467 987 1543; x_wconf 61' lang='lat' dir='ltr'><strong>eriperer:</strong></span> 
     </span>
     <span class='ocr_line' id='line_1_15' title="bbox 301 1545 986 1627; baseline 0.003 -22"><span class='ocrx_word' id='word_1_82' title='bbox 301 1566 391 1605; x_wconf 87' lang='lat' dir='ltr'>nemo</span> <span class='ocrx_word' id='word_1_83' title='bbox 412 1562 471 1605; x_wconf 87' lang='lat' dir='ltr'>tarn</span> <span class='ocrx_word' id='word_1_84' title='bbox 498 1546 616 1619; x_wconf 82' lang='lat' dir='ltr'>audax,</span> <span class='ocrx_word' id='word_1_85' title='bbox 642 1546 692 1627; x_wconf 88' lang='lat' dir='ltr'>qui</span> <span class='ocrx_word' id='word_1_86' title='bbox 711 1545 843 1626; x_wconf 70' lang='lat' dir='ltr'>posceret</span> <span class='ocrx_word' id='word_1_87' title='bbox 866 1565 874 1603; x_wconf 71' lang='grc' dir='ltr'>ε</span> <span class='ocrx_word' id='word_1_88' title='bbox 896 1564 986 1607; x_wconf 77' lang='lat' dir='ltr'>nemo</span> 
     </span>
     <span class='ocr_line' id='line_1_16' title="bbox 299 1623 991 1709; baseline 0.003 -24"><span class='ocrx_word' id='word_1_89' title='bbox 299 1642 361 1685; x_wconf 87' lang='lat' dir='ltr'>tam</span> <span class='ocrx_word' id='word_1_90' title='bbox 380 1626 556 1709; x_wconf 87' lang='lat' dir='ltr'>impudens,</span> <span class='ocrx_word' id='word_1_91' title='bbox 576 1629 624 1708; x_wconf 89' lang='lat' dir='ltr'>qui</span> <span class='ocrx_word' id='word_1_92' title='bbox 644 1623 824 1707; x_wconf 79' lang='lat' dir='ltr'>postularet,</span> <span class='ocrx_word' id='word_1_93' title='bbox 851 1636 888 1685; x_wconf 71' lang='lat' dir='ltr'>&#39;ut</span> <span class='ocrx_word' id='word_1_94' title='bbox 908 1645 991 1694; x_wconf 52' lang='lat' dir='ltr'>vene</span> 
     </span>
     <span class='ocr_line' id='line_1_17' title="bbox 302 1707 865 1769; baseline -0.009 -2"><span class='ocrx_word' id='word_1_95' title='bbox 302 1707 398 1769; x_wconf 65' lang='lat' dir='ltr'>deret,</span> <span class='ocrx_word' id='word_1_96' title='bbox 455 1708 458 1714; x_wconf 83' lang='lat'>&#39;</span> <span class='ocrx_word' id='word_1_97' title='bbox 862 1755 865 1762; x_wconf 95' lang='lat'><em>.</em></span> 
     </span>
     <span class='ocr_line' id='line_1_18' title="bbox 341 1788 984 1870; baseline 0.005 -21"><span class='ocrx_word' id='word_1_98' title='bbox 341 1808 390 1870; x_wconf 77' lang='lat'>45.</span> <span class='ocrx_word' id='word_1_99' title='bbox 401 1788 562 1870; x_wconf 84' lang='lat' dir='ltr'><strong>Superbum</strong></span> <span class='ocrx_word' id='word_1_100' title='bbox 573 1788 613 1850; x_wconf 92' lang='lat' dir='ltr'>est</span> <span class='ocrx_word' id='word_1_101' title='bbox 623 1790 700 1850; x_wconf 88' lang='lat' dir='ltr'>enim</span> <span class='ocrx_word' id='word_1_102' title='bbox 710 1788 863 1863; x_wconf 82' lang='lat' dir='ltr'>,Iudices,</span> <span class='ocrx_word' id='word_1_103' title='bbox 876 1790 907 1850; x_wconf 77' lang='lat' dir='ltr'>dt</span> <span class='ocrx_word' id='word_1_104' title='bbox 922 1810 984 1852; x_wconf 84' lang='lat' dir='ltr'>nort</span> 
     </span>
     <span class='ocr_line' id='line_1_19' title="bbox 300 1867 988 1951; baseline 0.003 -23"><span class='ocrx_word' id='word_1_105' title='bbox 300 1867 988 1951; x_wconf 84' lang='lat' dir='ltr'>ferendum,dicerepraetoreminprovinciaho-</span> 
     </span>
     <span class='ocr_line' id='line_1_20' title="bbox 301 1948 984 2030; baseline 0.004 -23"><span class='ocrx_word' id='word_1_106' title='bbox 301 1952 373 2008; x_wconf 85' lang='lat' dir='ltr'>mini</span> <span class='ocrx_word' id='word_1_107' title='bbox 384 1948 505 2011; x_wconf 88' lang='lat' dir='ltr'>honesto</span> <span class='ocrx_word' id='word_1_108' title='bbox 520 1995 529 2023; x_wconf 96' lang='lat'>,</span> <span class='ocrx_word' id='word_1_109' title='bbox 542 1951 699 2030; x_wconf 84' lang='lat' dir='ltr'><strong>locupleti,</strong></span> <span class='ocrx_word' id='word_1_110' title='bbox 716 1950 889 2029; x_wconf 88' lang='lat' dir='ltr'>splendido,</span> <span class='ocrx_word' id='word_1_111' title='bbox 908 1958 984 2012; x_wconf 85' lang='lat' dir='ltr'>Ven-</span> 
     </span>
     <span class='ocr_line' id='line_1_21' title="bbox 300 2029 984 2110; baseline 0.001 -21"><span class='ocrx_word' id='word_1_112' title='bbox 300 2032 335 2089; x_wconf 84' lang='lat' dir='ltr'>de</span> <span class='ocrx_word' id='word_1_113' title='bbox 352 2033 418 2090; x_wconf 82' lang='lat' dir='ltr'>milri</span> <span class='ocrx_word' id='word_1_114' title='bbox 432 2032 500 2110; x_wconf 78' lang='lat' dir='ltr'><em>vasa</em></span> <span class='ocrx_word' id='word_1_115' title='bbox 517 2034 614 2092; x_wconf 74' lang='lat' dir='ltr'>calata</span> <span class='ocrx_word' id='word_1_116' title='bbox 628 2054 636 2090; x_wconf 89' lang='lat'><em>:</em></span> <span class='ocrx_word' id='word_1_117' title='bbox 649 2031 706 2090; x_wconf 86' lang='lat' dir='ltr'>hoc</span> <span class='ocrx_word' id='word_1_118' title='bbox 723 2029 763 2090; x_wconf 90' lang='lat' dir='ltr'>est</span> <span class='ocrx_word' id='word_1_119' title='bbox 776 2032 854 2091; x_wconf 87' lang='lat' dir='ltr'>enim</span> <span class='ocrx_word' id='word_1_120' title='bbox 866 2030 962 2091; x_wconf 86' lang='lat' dir='ltr'>dicere</span> <span class='ocrx_word' id='word_1_121' title='bbox 969 2052 984 2105; x_wconf 91' lang='lat'>·;</span> 
     </span>
     <span class='ocr_line' id='line_1_22' title="bbox 297 2108 984 2193; baseline 0.001 -23"><span class='ocrx_word' id='word_1_122' title='bbox 297 2108 370 2170; x_wconf 91' lang='lat' dir='ltr'>Non</span> <span class='ocrx_word' id='word_1_123' title='bbox 382 2131 412 2170; x_wconf 90' lang='lat' dir='ltr'>es</span> <span class='ocrx_word' id='word_1_124' title='bbox 423 2111 524 2191; x_wconf 79' lang='lat' dir='ltr'>dignus</span> <span class='ocrx_word' id='word_1_125' title='bbox 530 2130 562 2172; x_wconf 91' lang='lat' dir='ltr'>tu</span> <span class='ocrx_word' id='word_1_126' title='bbox 573 2114 640 2193; x_wconf 86' lang='lat' dir='ltr'>,qui</span> <span class='ocrx_word' id='word_1_127' title='bbox 652 2113 760 2170; x_wconf 88' lang='lat' dir='ltr'>habeas</span> <span class='ocrx_word' id='word_1_128' title='bbox 771 2155 780 2182; x_wconf 91' lang='lat'>‚</span> <span class='ocrx_word' id='word_1_129' title='bbox 790 2132 853 2190; x_wconf 89' lang='lat' dir='ltr'>quae</span> <span class='ocrx_word' id='word_1_130' title='bbox 862 2128 921 2169; x_wconf 89' lang='lat' dir='ltr'>tam</span> <span class='ocrx_word' id='word_1_131' title='bbox 930 2112 984 2171; x_wconf 88' lang='lat' dir='ltr'>be-</span> 
     </span>
     <span class='ocr_line' id='line_1_23' title="bbox 297 2188 983 2274; baseline 0.003 -24"><span class='ocrx_word' id='word_1_132' title='bbox 297 2211 336 2250; x_wconf 88' lang='lat' dir='ltr'>ne</span> <span class='ocrx_word' id='word_1_133' title='bbox 352 2190 425 2250; x_wconf 74' lang='lat' dir='ltr'>sada</span> <span class='ocrx_word' id='word_1_134' title='bbox 436 2195 491 2250; x_wconf 88' lang='lat' dir='ltr'>sint</span> <span class='ocrx_word' id='word_1_135' title='bbox 506 2213 597 2254; x_wconf 85' lang='lat' dir='ltr'>:nteae</span> <span class='ocrx_word' id='word_1_136' title='bbox 615 2193 760 2274; x_wconf 83' lang='lat' dir='ltr'>dignitatis</span> <span class='ocrx_word' id='word_1_137' title='bbox 773 2191 824 2250; x_wconf 85' lang='lat' dir='ltr'>ista</span> <span class='ocrx_word' id='word_1_138' title='bbox 844 2188 915 2249; x_wconf 83' lang='lat' dir='ltr'>sunt.</span> <span class='ocrx_word' id='word_1_139' title='bbox 933 2189 983 2252; x_wconf 88' lang='lat' dir='ltr'>Tu</span> 
     </span>
     <span class='ocr_line' id='line_1_24' title="bbox 298 2269 987 2353; baseline 0.003 -22"><span class='ocrx_word' id='word_1_140' title='bbox 298 2272 434 2353; x_wconf 82' lang='lat' dir='ltr'>dignior,</span> <span class='ocrx_word' id='word_1_141' title='bbox 449 2274 578 2347; x_wconf 84' lang='lat' dir='ltr'><strong>Verres,</strong></span> <span class='ocrx_word' id='word_1_142' title='bbox 595 2273 681 2353; x_wconf 74' lang='lat' dir='ltr'>quit&#39;m</span> <span class='ocrx_word' id='word_1_143' title='bbox 700 2271 827 2332; x_wconf 83' lang='lat' dir='ltr'>Calidius</span> <span class='ocrx_word' id='word_1_144' title='bbox 841 2271 852 2330; x_wconf 76' lang='lat' dir='ltr'>i</span> <span class='ocrx_word' id='word_1_145' title='bbox 866 2274 913 2352; x_wconf 89' lang='lat' dir='ltr'>qui</span> <span class='ocrx_word' id='word_1_146' title='bbox 927 2269 987 2349; x_wconf 82' lang='lat' dir='ltr'>(nt-</span> 
     </span>
     <span class='ocr_line' id='line_1_25' title="bbox 296 2351 984 2433; baseline -0.004 -21"><span class='ocrx_word' id='word_1_147' title='bbox 296 2373 358 2412; x_wconf 89' lang='lat' dir='ltr'>non</span> <span class='ocrx_word' id='word_1_148' title='bbox 377 2353 526 2412; x_wconf 86' lang='lat' dir='ltr'>conferam</span> <span class='ocrx_word' id='word_1_149' title='bbox 549 2357 640 2413; x_wconf 87' lang='lat' dir='ltr'>vitam</span> <span class='ocrx_word' id='word_1_150' title='bbox 653 2399 670 2427; x_wconf 92' lang='lat'>,.</span> <span class='ocrx_word' id='word_1_151' title='bbox 683 2371 769 2433; x_wconf 87' lang='lat' dir='ltr'>atque</span> <span class='ocrx_word' id='word_1_152' title='bbox 795 2351 984 2414; x_wconf 85' lang='lat' dir='ltr'>existimatio.-</span> 
     </span>
     <span class='ocr_line' id='line_1_26' title="bbox 296 2431 984 2506; baseline 0.001 -14"><span class='ocrx_word' id='word_1_153' title='bbox 296 2453 365 2492; x_wconf 87' lang='lat' dir='ltr'>nem</span> <span class='ocrx_word' id='word_1_154' title='bbox 380 2451 458 2494; x_wconf 82' lang='lat' dir='ltr'>tuam</span> <span class='ocrx_word' id='word_1_155' title='bbox 471 2455 536 2492; x_wconf 87' lang='lat' dir='ltr'>curn</span> <span class='ocrx_word' id='word_1_156' title='bbox 550 2434 624 2493; x_wconf 87' lang='lat' dir='ltr'>iliius</span> <span class='ocrx_word' id='word_1_157' title='bbox 635 2455 645 2506; x_wconf 84' lang='lat'>3</span> <span class='ocrx_word' id='word_1_158' title='bbox 658 2455 695 2494; x_wconf 91' lang='lat' dir='ltr'>ne</span> <span class='ocrx_word' id='word_1_159' title='bbox 718 2454 754 2492; x_wconf 87' lang='lat' dir='ltr'>ue</span> <span class='ocrx_word' id='word_1_160' title='bbox 767 2435 844 2493; x_wconf 85' lang='lat' dir='ltr'>enim</span> <span class='ocrx_word' id='word_1_161' title='bbox 859 2431 899 2493; x_wconf 87' lang='lat' dir='ltr'>est</span> <span class='ocrx_word' id='word_1_162' title='bbox 909 2455 984 2493; x_wconf 90' lang='lat' dir='ltr'>con·</span> 
     </span>
     <span class='ocr_line' id='line_1_27' title="bbox 294 2456 985 2596; baseline 0.003 -23"><span class='ocrx_word' id='word_1_163' title='bbox 294 2512 416 2573; x_wconf 82' lang='lat' dir='ltr'>ferenda</span> <span class='ocrx_word' id='word_1_164' title='bbox 426 2535 436 2587; x_wconf 84' lang='lat'>3</span> <span class='ocrx_word' id='word_1_165' title='bbox 453 2513 509 2573; x_wconf 91' lang='lat' dir='ltr'>hoc</span> <span class='ocrx_word' id='word_1_166' title='bbox 527 2512 617 2593; x_wconf 89' lang='lat' dir='ltr'>ipsum</span> <span class='ocrx_word' id='word_1_167' title='bbox 635 2456 804 2587; x_wconf 53' lang='lat' dir='ltr'>congeram„</span> <span class='ocrx_word' id='word_1_168' title='bbox 824 2534 883 2596; x_wconf 90' lang='lat' dir='ltr'>quo</span> <span class='ocrx_word' id='word_1_169' title='bbox 904 2531 936 2573; x_wconf 91' lang='lat' dir='ltr'>tu</span> <span class='ocrx_word' id='word_1_170' title='bbox 949 2531 985 2575; x_wconf 79' lang='lat' dir='ltr'>te</span> 
     </span>
     <span class='ocr_line' id='line_1_28' title="bbox 293 2592 962 2675; baseline 0.001 -22"><span class='ocrx_word' id='word_1_171' title='bbox 293 2593 472 2672; x_wconf 80' lang='lat' dir='ltr'>superiorem</span> <span class='ocrx_word' id='word_1_172' title='bbox 483 2592 589 2675; x_wconf 81' lang='lat' dir='ltr'>fingis)</span> <span class='ocrx_word' id='word_1_173' title='bbox 606 2593 763 2674; x_wconf 77' lang='lat' dir='ltr'>quodH·S</span> <span class='ocrx_word' id='word_1_174' title='bbox 777 2612 870 2654; x_wconf 79' lang='lat' dir='ltr'><strong>Lxxx</strong></span> <span class='ocrx_word' id='word_1_175' title='bbox 892 2595 930 2654; x_wconf 75' lang='grc' dir='ltr'>ω’</span> <span class='ocrx_word' id='word_1_176' title='bbox 955 2596 962 2611; x_wconf 90' lang='grc'><em>“</em></span> 
     </span>
     <span class='ocr_line' id='line_1_29' title="bbox 296 2672 903 2754; baseline 0.007 -23"><span class='ocrx_word' id='word_1_177' title='bbox 296 2672 487 2745; x_wconf 87' lang='lat' dir='ltr'>divisoribus,</span> <span class='ocrx_word' id='word_1_178' title='bbox 507 2691 541 2733; x_wconf 83' lang='lat' dir='ltr'>ut</span> <span class='ocrx_word' id='word_1_179' title='bbox 563 2691 669 2754; x_wconf 87' lang='lat' dir='ltr'>praetor</span> <span class='ocrx_word' id='word_1_180' title='bbox 688 2676 903 2748; x_wconf 84' lang='lat' dir='ltr'><strong>renuntiarere,</strong></span> 
     </span>
     <span class='ocr_line' id='line_1_30' title="bbox 294 2749 913 2827; baseline 0.005 -17"><span class='ocrx_word' id='word_1_181' title='bbox 294 2749 356 2810; x_wconf 88' lang='lat' dir='ltr'>disti</span> <span class='ocrx_word' id='word_1_182' title='bbox 370 2774 380 2824; x_wconf 82' lang='lat'>3</span> <span class='ocrx_word' id='word_1_183' title='bbox 400 2771 529 2815; x_wconf 89' lang='lat' dir='ltr'>trecenta</span> <span class='ocrx_word' id='word_1_184' title='bbox 544 2753 726 2827; x_wconf 84' lang='lat' dir='ltr'>accusatori,</span> <span class='ocrx_word' id='word_1_185' title='bbox 745 2774 783 2813; x_wconf 87' lang='lat' dir='ltr'>ne</span> <span class='ocrx_word' id='word_1_186' title='bbox 800 2753 913 2814; x_wconf 89' lang='lat' dir='ltr'>tihiodi</span> 
     </span>
     <span class='ocr_line' id='line_1_31' title="bbox 294 2829 886 2912; baseline 0.003 -23"><span class='ocrx_word' id='word_1_187' title='bbox 294 2829 364 2890; x_wconf 77' lang='lat' dir='ltr'>effer</span> <span class='ocrx_word' id='word_1_188' title='bbox 374 2833 426 2902; x_wconf 76' lang='lat' dir='ltr'>;eti</span> <span class='ocrx_word' id='word_1_189' title='bbox 435 2853 465 2892; x_wconf 90' lang='lat' dir='ltr'>re</span> <span class='ocrx_word' id='word_1_190' title='bbox 478 2837 641 2893; x_wconf 80' lang='lat' dir='ltr'>contemnis</span> <span class='ocrx_word' id='word_1_191' title='bbox 651 2831 813 2912; x_wconf 87' lang='lat' dir='ltr'><strong>equestrem</strong></span> <span class='ocrx_word' id='word_1_192' title='bbox 824 2832 886 2891; x_wconf 89' lang='lat' dir='ltr'>ord&#39;</span> 
     </span>
    </p>
   </div>
   <div class='ocr_carea' id='block_1_5' title="bbox 292 2909 909 2997">
    <p class='ocr_par' dir='ltr' id='par_1_5' title="bbox 292 2909 909 2997">
     <span class='ocr_line' id='line_1_32' title="bbox 292 2909 909 2997; baseline 0.002 -21"><span class='ocrx_word' id='word_1_193' title='bbox 292 2933 330 2976; x_wconf 76' lang='lat' dir='ltr'>ac</span> <span class='ocrx_word' id='word_1_194' title='bbox 345 2909 464 2993; x_wconf 77' lang='lat' dir='ltr'>despicis</span> <span class='ocrx_word' id='word_1_195' title='bbox 476 2911 491 2972; x_wconf 73' lang='grc' dir='ltr'>ἰ.</span> <span class='ocrx_word' id='word_1_196' title='bbox 499 2910 909 2997; x_wconf 62' lang='lat' dir='ltr'>edreindignumtibivifim</span> 
     </span>
    </p>
   </div>
   <div class='ocr_carea' id='block_1_6' title="bbox 0 0 1280 4175">
    <p class='ocr_par' dir='ltr' id='par_1_6' title="bbox 0 0 1280 4175">
     <span class='ocr_line' id='line_1_33' title="bbox 0 0 1280 4175; baseline 0 6"><span class='ocrx_word' id='word_1_197' title='bbox 0 0 1280 4175; x_wconf 95' lang='lat' dir='ltr'> </span> 
     </span>
    </p>
   </div>
  </div>
 </body>
</html>
