2550 4175
283 374 361 471 '328
471 377 535 442 ln
577 378 820 445 Vra-unam

283 491 350 572 quia
369 508 433 548 cum
449 487 614 567 Cleomene
632 510 692 549 non
705 490 779 572 fugit
793 535 802 563 ,
817 487 967 629 opprellns

281 590 300 644 ρ
334 568 496 629 raedonibus
509 614 518 644 ,
534 571 676 651 &captus
688 569 746 630 est:
759 575 804 631 cui
814 592 853 647 ca
864 574 966 646 amitas

274 591 362 710 sallrti
380 647 452 709 fuit:
466 653 536 732 qui,
554 652 608 710 nisi
621 668 722 730 captus
734 674 750 711 a
760 653 859 731 piratis
875 647 967 726 effer,

280 730 311 788 in
342 729 416 789 hunc
443 732 613 811 praedonem
642 730 784 791 sociorum
815 729 967 793 incidiss'et.

274 806 364 870 *Dicit
377 812 399 869 is
418 832 471 892 pro
480 810 669 882 testimonio,
688 811 725 871 de
739 814 877 872 missione
892 833 967 871 nau.-

281 905 375 949 tarum
386 936 394 963 ,
406 891 442 951 de
452 889 549 965 fame,
559 892 595 952 de
606 889 777 952 Cleomenis
783 890 861 972 fuga.
873 890 966 952 Adest

278 968 487 1052 Centuripinus
504 971 680 1052 ¹Phalargus,
699 974 728 1031 in
743 993 789 1032 am
813 973 918 1031 lissima
928 975 967 1032 ci·

277 1049 370 1111 'vitate
384 1095 394 1124 ,
410 1051 586 1131 amplissimo
601 1052 670 1112 loco
683 1069 776 1111 natus.
790 995 904 1113 Eadem
922 1053 966 1113 di·

281 1133 320 1191 cit
331 1132 428 1197 :nulla
443 1134 473 1192 in
484 1152 518 1192 re
528 1131 680 1212 discrepat.
710 1161 713 1166 -

272 1276 276 1285 ¹
323 1229 389 1292 ¹²3·
399 1211 455 1273 Per
465 1211 537 1273 deos
547 1211 726 1273 immortales
738 1212 745 1270 l
756 1211 895 1287 Iudices,
905 1234 964 1295 quo

272 1287 399 1364 ‚tandem
409 1296 506 1353 animo
517 1291 621 1354 sedetis
635 1292 706 1352 iant
716 1294 964 1373 quemadmodum

279 1372 383 1433 auditis
397 1377 406 1429 ὲ
419 1372 525 1433 Utrirm
540 1394 598 1457 ego
610 1372 741 1454 desipio,
752 1373 783 1433 &
799 1373 862 1453 plus
876 1374 965 1455 quim

277 1450 344 1512 satis
359 1452 419 1523 est,
436 1454 524 1515 doleo
537 1458 566 1515 in
581 1472 661 1514 tanta
676 1454 861 1526 calamitate,
878 1454 964 1515 mise-

278 1534 378 1616 riaque
389 1533 556 1595 sociorum?
571 1557 607 1595 an
621 1556 679 1596 vos
691 1555 809 1616 quoque
819 1535 866 1594 hic
882 1556 964 1596 acer·

277 1611 409 1674 bissimus
421 1617 619 1676 innocentium
631 1618 793 1687 cruciatus,
809 1614 841 1674 &
853 1636 965 1676 moeror

269 1745 274 1770 ἱ
301 1695 341 1751 ari
352 1691 431 1753 sensu
449 1694 559 1754 doloris
578 1692 686 1753 afficit?
701 1693 767 1775 Ego
782 1697 860 1756 enim
894 1718 964 1756 uum

269 1841 274 1854 ξ
312 1772 512 1847 erbitensem,·
526 1795 615 1855 quum
636 1771 852 1836 Heracliensem
873 1718 965 1837 locuti

277 1849 336 1912 effe
357 1851 516 1934 perculsum
528 1854 631 1928 ·dico‚
657 1852 786 1915 versatur
807 1857 878 1917 mihi
896 1875 965 1919 ante

267 1933 381 1998 {oculos
395 1933 547 2075 incl'fnitas
558 1934 738 1996 calamitatis.

268 2012 271 2016 ’
319 2011 441 2076 XLVI
491 2012 641 2076 Eorumne
660 2016 839 2098 populorum
860 2020 963 2095 cives,

268 2092 420 2169 Jeor'umne
444 2117 580 2178 agrorum
608 2097 771 2171 alumnos,
795 2119 831 2158 ex
859 2095 964 2180 quibus

271 2180 403 2241 ‚maxima
415 2176 461 2237 'vis
478 2176 614 2239 frumenti
630 2180 786 2258 quotannis
803 2179 882 2259 plebi
895 2180 964 2241 Ro-

277 2275 392 2329 manae,
407 2257 522 2317 illorum
538 2260 656 2339 operis,
670 2280 704 2318 ac
717 2258 864 2319 laboribus
882 2282 964 2340 quae-

274 2335 367 2410 ritum
386 2341 432 2418 qui
449 2359 466 2397 a
482 2339 674 2419 parentibus,
689 2338 708 2397 s
724 2359 741 2400 e
761 2335 848 2396 nostri
861 2341 965 2418 impe-

274 2416 310 2475 rii
323 2461 335 2489 ‚
353 2415 513 2499 nostraeque
524 2421 684 2501 aequitatis,
698 2362 840 2494 incepti,
851 2417 965 2479 educa-

267 2495 353 2577 ‚tique
368 2497 450 2572 sunt,
467 2500 504 2558 ad
515 2497 553 2559 C.
570 2496 965 2561 Vertisnefariamimmani·

266 2590 384 2651 tatem,
407 2577 439 2639 &
456 2580 494 2638 ad
511 2577 578 2656 ejus·
592 2577 722 2638 securem
742 2573 882 2637 funestam
903 2581 964 2643 elle

273 2653 425 2718 servatos?
446 2657 549 2738 Quum
571 2657 642 2735 mihi
669 2654 862 2737 Tyndaritani
885 2661 963 2722 illius

274 2741 361 2826 uenit⁴
381 2742 410 2800 in
429 2758 580 2812 mentem,
593 2757 687 2822 ‘quum
706 2735 877 2820 Segestani,
896 2760 961 2802 tum

273 2838 338 2899 jura
351 2821 434 2882 simul
454 2823 625 2895 civitatum,
641 2838 727 2900 atque
749 2817 843 2880 officia
863 2826 961 2883 consi-

276 2897 348 2963 dero
363 2922 370 2960 :
388 2923 458 2985 quas
477 2902 562 2964 urbes
583 2899 616 2962 P.
634 2899 786 2985 Africanus
802 2903 962 2985 etiamhor-
