2550 4175
369 341 451 420 314
548 322 610 393 In
639 323 871 392 VERREM

367 437 436 499 ante
448 433 616 516 Syracusani
626 439 656 498 in
666 438 810 499 moenibus
819 436 897 509 suis,
914 438 944 497 in
963 439 1053 515 urbe}

366 519 399 580 in
416 516 484 578 soto
506 514 621 579 hostem
639 536 804 597 armatum,
825 540 860 580 ac
884 517 1053 596 vitiorem,

366 596 458 740 guin
474 599 504 658 in
527 615 615 679 portu
632 600 722 663 ullam
737 597 861 662 hostium
878 620 988 662 navem
1004 605 1053 663 vi·

388 695 481 740 erent.
586 746 588 751 ,

364 796 368 802 ·
409 758 461 840 98.
480 758 561 833 Hic,
577 775 608 823 te
619 776 764 844 pretore,
781 758 955 843 praedonum
969 762 1054 824 navi·

360 839 439 902 eulae
457 857 623 923 pervagatae
645 840 734 915 sunt,
754 842 814 924 qud
828 839 1053 905 Atheniensium

370 922 468 982 classis
488 919 570 995 sola,
591 920 657 1003 post
680 922 833 984 hominum
849 924 1052 999 memoriam,

369 1020 438 1064 ccc
456 1002 597 1073 navibus,
611 1004 663 1075 vi,
680 1022 714 1062 ac
732 1002 913 1064 multitudine
926 1005 1051 1065 invasit:

369 1103 436 1164 quae
454 1084 484 1142 in
508 1101 547 1143 eo
563 1081 625 1164 ipso
644 1100 751 1163 portu,
769 1083 854 1144 locii
890 1085 957 1158 ius,
978 1106 1052 1166 por·

369 1160 471 1245 nisque
491 1164 614 1238 naturai,
631 1162 728 1237 viiia,
751 1180 838 1246 atque
854 1105 984 1244 superata
1001 1163 1052 1227 est.

368 1242 429 1305 Hic
452 1244 578 1325 primum
601 1264 675 1324 opes
699 1244 773 1305 illius
801 1244 924 1305 civitatis
945 1244 1051 1320 villa,

367 1328 576 1399 comminutae,
602 1322 797 1407 depressaeque
820 1323 913 1385 sunt:
942 1327 971 1385 in
995 1326 1052 1388 hoc

367 1422 455 1487 portu
468 1451 477 1481 ,
492 1404 715 1468 Atheniensium
727 1404 904 1478 nobilitatis,
917 1406 1051 1487 imperii,

369 1487 469 1569 gloriae
487 1484 585 1547 naufta
605 1490 666 1547 ium
684 1486 792 1549 sallum
809 1484 993 1547 etcistimatur.

363 1578 365 1582 “
411 1565 571 1628 XXXVI
613 1610 621 1627 .
648 1565 733 1629 Edne
773 1570 844 1628 irata
863 1570 1052 1648 penetravit,

369 1648 430 1727 qul>
455 1646 651 1741 simulatque
680 1648 726 1708 ad'
751 1664 811 1720 et,
836 1668 899 1714 non,
921 1648 1052 1710 modba

368 1727 459 1789 latere
477 1769 487 1799 ‚
504 1724 554 1788 sed
572 1744 661 1787 ettam
685 1744 765 1789 ater
785 1749 805 1788 o
824 1748 963 1810 magnam
983 1750 1053 1811 par,-

362 1822 428 1867 tem
437 1807 515 1870 urbis
525 1806 700 1889 relinqueret
710 1806 745 1869 tl
778 1808 855 1868 ulam
868 1824 963 1869 totam
976 1831 1053 1892 prte-

367 1888 513 1950 tetvedlus
527 1886 568 1951 est
584 1909 591 1949 :
611 1910 676 1971 quae
691 1886 732 1950 est
747 1888 814 1949 urbs
833 1886 984 1970 Syracusis
1000 1889 1051 1952 suo

361 1971 510 2045 nomine,
528 1991 563 2032 ac
581 1970 749 2031 moenibus:
770 1990 831 2052 quo
853 1973 883 2029 in
901 1970 972 2032 loco
989 1992 1052 2033 ma·

367 2047 473 2133 iores,
493 2069 525 2114 ut
541 2051 609 2113 ante
620 2051 697 2127 dixi,
717 2048 929 2132 Syracusanum
948 2072 1052 2133 quem·

360 2154 454 2215 quam
468 2134 596 2195 habitare
605 2148 760 2194 vetuerunt
772 2152 782 2206 ;
796 2132 896 2214 quod,
911 2135 959 2215 qui
973 2135 1051 2194 illam

364 2229 481 2294 partem
497 2213 574 2274 urbis
585 2228 743 2286 tenerent,
757 2214 787 2273 in
803 2233 906 2273 eorum
919 2212 1052 2294 potesta-

367 2311 430 2353 tem
445 2308 563 2373 pottutn
575 2291 704 2352 futurum
717 2292 929 2374 intelligebant.

419 2389 470 2451 99.
494 2369 537 2431 At
564 2371 813 2452 quemadmodum
842 2368 884 2430 est
907 2390 1053 2456 pervaga-

357 2451 434 2510 tus?
452 2450 559 2513 radices
575 2451 736 2532 palmarum
751 2448 921 2532 agrestium,
936 2471 1008 2532 quas
1021 2459 1052 2515 in

360 2529 469 2591 nostris
486 2531 606 2590 navibus
624 2533 817 2603 invenerant,
836 2527 1002 2608 jaciebant,
1018 2553 1051 2597 ut

367 2630 472 2671 omnes
488 2607 564 2669 istius
586 2611 626 2670 im
649 2610 827 2683 robitatem',
848 2609 881 2671 δι
902 2611 1049 2676 calamita·

365 2705 427 2752 tem
445 2689 547 2753 Siciliae
568 2711 608 2771 po
632 2707 682 2751 ent
698 2689 884 2773 cognoscere.
900 2690 1048 2756 Siculosne

356 2771 491 2835 milites?
509 2788 693 2834 aratorumne
710 2771 818 2835 liberos
832 2771 844 2833 l
862 2794 984 2855 quorum
996 2797 1048 2856 pa·

356 2869 423 2925 :tres
443 2869 555 2918 tantum
576 2853 678 2921 labore
703 2851 755 2918 suo
779 2852 918 2919 frumenti
943 2875 1047 2919 exara·
