2550 4175
383 394 645 466 Acrroms
669 391 728 465 ΙΙ.
753 392 791 464 L
820 397 861 465 V.
912 415 985 490 3¹¹

303 506 457 599 flagrabat·
473 503 603 568 Affertur
613 507 699 570 uode
710 505 884 592 intempestd
894 512 992 591 gravis

301 586 423 669 hujusce
440 587 510 675 unali
530 592 645 650 nuntius
663 589 839 671 Syracusas:
867 590 991 650 curritur

293 669 353 740 ‚ad
363 670 552 750 praetorium,
572 671 631 751 quo
647 669 730 732 istum
747 673 918 733 econrivio
936 671 990 733 illo

293 750 443 832 praelato
458 750 637 814 'reduxerant
658 752 747 832 paulo
767 752 834 813 ante
853 751 991 814 mulieres

294 851 370 900 sum
380 845 465 896 cantu
474 876 485 907 ,
495 847 583 912 atque
591 831 775 915 symphonii.
788 830 991 906 Cleomenes,

293 933 479 995 ,quamquam
502 935 563 974 nox
581 932 672 988 erat,
696 932 795 975 tamen
816 914 845 972 in
870 912 991 993 publico

298 990 361 1054 effe
379 1016 440 1054 non
456 994 565 1056 audet:
583 995 705 1055 includit
723 994 752 1056 se
769 995 873 1055 domi:
893 1012 992 1074 neque

293 1073 402 1222 ffitisn
420 1095 494 1216 upsot
509 1121 523 1149 ,
541 1097 607 1159 qua
624 1074 767 1138 consolari
783 1075 936 1137 hominem
959 1074 990 1134 in

422 1179 442 1218 0
465 1172 528 1219 Εῐ.;

292 1293 312 1304 ..
340 1178 515 1322 opplaniis
536 1253 635 1298 autem
656 1236 785 1317 praelati
804 1233 989 1317 imperatoris

297 1313 340 1380 ito
356 1335 422 1382 erat
435 1318 537 1380 severa
552 1317 639 1380 dorni
662 1317 833 1397 disciplina,
852 1331 884 1375 ut
907 1319 937 1376 in
956 1333 990 1376 re

297 1411 398 1472 tanta,
413 1401 445 1462 in
463 1416 524 1459 taut
534 1402 614 1477 gravi
633 1401 735 1457 nuntio
747 1415 837 1457 neruo
850 1395 990 1456 admitte-

295 1494 397 1540 retur:
415 1499 505 1540 nemo
524 1475 617 1552 esset,
635 1480 687 1559 qui
706 1477 827 1538 auderet
843 1493 892 1536 aut
914 1475 986 1535 dor-

296 1559 607 1632 montemaureum,
628 1575 678 1620 aut
699 1555 885 1639 interpellare
907 1557 989 1638 vigi-

294 1636 420 1700 lentem·
437 1636 609 1713 univero,
624 1660 657 1701 te
675 1640 712 1699 ab
729 1639 866 1700 omnibus
884 1636 992 1719 cogui-

295 1717 330 1786 xd
346 1762 357 1791 ‚
373 1717 560 1780 concursabat
577 1721 650 1782 urbe
668 1720 733 1781 toti
748 1722 876 1782 maxima
889 1718 989 1779 multi·

293 1798 391 1874 sudor
410 1819 472 1860 uon
493 1800 594 1872 enirn,
614 1803 688 1856 sicut
700 1816 784 1858 autea
804 1798 987 1861 consuetudo

295 1896 391 1953 etat,
416 1878 591 1960 predonum
617 1877 779 1938 adventum
808 1877 988 1958 significabat

294 1957 305 1976 ”
347 1960 372 2018 io
387 1978 405 2020 e
420 1958 535 2040 specula
545 1958 697 2034 sublatus,
716 1974 765 2017 aut
781 1960 895 2018 tumulo
910 1980 920 2031 ;
935 1957 987 2019 sed

432 2060 469 2107 ex
484 2039 547 2122 ipso
561 2038 699 2101 incendio
718 2039 862 2110 navium,
884 2039 916 2101 δι
935 2060 988 2100 ca-

294 2121 458 2183 lamitatem
480 2138 634 2204 acceptam
653 2165 666 2197 ,
685 2120 718 2183 &
738 2117 899 2203 periculum
919 2120 989 2182 reli·

295 2218 388 2287 quum
405 2202 566 2263 nuntiabat.

300 2344 303 2349 .
338 2282 509 2345 XXXVI.
531 2283 635 2364 Quum
655 2299 764 2365 praetor
783 2297 989 2364 quaereretur;

298 2362 334 2425 δι
354 2362 499 2426 constaret
519 2408 529 2435 ,
548 2367 576 2426 ei
593 2368 740 2425 neminem
762 2360 926 2424 nuntiasse:
952 2360 987 2422 fit

297 2443 338 2511 ad
355 2443 477 2507 domum
496 2441 558 2525 ejus
573 2466 641 2507 cum
662 2445 790 2505 clamore
810 2441 989 2517 concursus,

297 2542 387 2606 atque
406 2526 544 2607 impetus.
577 2523 657 2585 Tuan
676 2523 727 2586 iste
748 2527 887 2585 excitatus
907 2523 987 2584 audit

297 2623 363 2664 tem
384 2625 506 2667 omnem
526 2626 563 2667 ex
582 2603 793 2667 Timarchide:
819 2604 920 2687 sagum
938 2607 988 2664 su-

298 2684 364 2749 mit.
384 2683 514 2749 Lucebat
531 2684 590 2764 jam
606 2685 668 2747 sere
685 2706 692 2745 :
712 2685 848 2765 procedit
866 2690 895 2745 in
920 2705 989 2745 rue·

300 2764 404 2837 diurn,
418 2767 502 2841 viui,
520 2766 634 2840 somni,
653 2765 742 2845 stupri
779 2765 872 2824 lenus.
897 2764 990 2826 Exci-

323 2847 380 2905 itur
396 2845 434 2905 ab
446 2850 579 2908 omuibus
592 2844 734 2926 ejusmodi
746 2788 874 2905 chmore
887 2890 896 2918 ,
911 2863 942 2904 ut
959 2847 987 2905 ei

299 2868 494 3007 Xampsaceni
530 2929 630 2991 ericui
647 2925 804 2990 similitudo
823 2925 990 3038 vepsaretur

344 3009 480 3075 Iouausl
511 3051 523 3072 .
