2550 4175
290 422 339 496 32
450 402 510 467 Iu
553 403 785 468 VERREM

287 534 345 595 que
355 513 485 575 omnium
497 532 504 572 ε
514 512 681 652 copnoscite
696 514 981 586 nunc,1irrnumera-
1016 581 1017 592 χ

286 594 377 656 bilem
387 595 540 674 pecuniam
562 597 738 656 rumentario
747 593 872 655 nomine
888 615 978 678 erep·

287 692 348 735 tam
364 695 375 747 ·‚
392 690 424 733 ut
439 674 524 748 simui
543 673 625 746 illam
639 693 758 755 quoque
780 670 845 751 ejus
861 695 976 738 vocem
1000 725 1002 732 ,

288 753 454 835 improbam
471 752 629 837 agnoscatio
644 775 655 828 5
670 751 764 835 quise
780 771 842 815 uno
862 755 976 836 questu

288 834 475 896 decumarum
488 836 589 896 omnia
598 834 648 894 sua
656 834 788 916 ,pericula
800 835 976 918 redemptu-
1016 865 1017 888 u

287 935 353 975 rum
367 913 423 975 effe
433 914 560 974 dicebat.
680 956 682 962 ι

330 993 406 1055 ΧΧ.
422 994 568 1056 Audimus
588 995 650 1072 hoc·
666 992 775 1074 jamdiu
793 1039 805 1066 ‚
828 994 975 1070 Iudices;

287 1095 367 1214 neqo
387 1094 562 1157 quemquam
576 1074 631 1136 esse
649 1074 775 1137 vestrum
787 1119 795 1147 ,
809 1078 881 1156 quin
899 1076 975 1158 saepe

288 1177 325 1215 au
347 1158 435 1229 ierit,
459 1154 552 1216 socios
569 1153 647 1230 istius
669 1153 748 1216 fuiffe
770 1154 974 1217 decumanos:

288 1235 358 1296 nihil
377 1234 454 1296 aliud
466 1235 589 1296 arbitror
605 1238 633 1295 in
651 1234 733 1295 istum
753 1233 825 1294 salai>
840 1232 900 1298 effe
914 1238 976 1298 dic·

287 1332 350 1376 tum
363 1315 400 1376 ab
418 1318 470 1391 iis,
485 1316 534 1398 qui
552 1316 627 1376 male
642 1316 678 1375 de
690 1314 749 1390 ,isto
767 1313 975 1394 existimarint,

287 1400 343 1458 nisi
358 1396 415 1456 hoc
432 1417 440 1455 ε
456 1417 523 1456 nam
542 1395 611 1455 socii
635 1395 755 1475 putandi
782 1393 869 1469 suut,
898 1419 975 1480 quos

285 1480 362 1538 inter
382 1496 426 1536 res
450 1478 663 1537 communicata
684 1474 734 1536 est.
755 1474 820 1557 Ego
839 1496 906 1536 rem
926 1495 976 1539 to·

287 1573 372 1628 tam,
392 1555 576 1637 fortunasque
593 1573 737 1615 aratorum
754 1575 879 1630 omnes,
895 1556 975 1620 istius

286 1635 367 1698 fuisse
384 1637 451 1695 dico
471 1657 478 1695 ε
499 1635 684 1715 Apronium,
699 1634 903 1716 Veneriosque
918 1637 977 1698 ser·

288 1738 364 1790 uos,
383 1716 465 1796 quod
489 1713 542 1774 isto
566 1732 692 1795 praetore
711 1714 763 1775 suit
781 1736 894 1776 novum
920 1739 976 1800 ge·

287 1818 341 1856 nus
364 1795 608 1875 publicanorum,
635 1794 803 1876 ceterosque
829 1795 976 1858 decuma·

249 1873 252 1878 ’
287 1897 365 1948 nos,
382 1894 584 1957 procuratores
606 1872 682 1934 isiius
702 1874 846 1955 quaestfis3
871 1878 905 1937 &
924 1882 976 1939 mi·

286 1955 391 2019 nistros
402 1958 564 2038 rapinarum
582 1954 662 2017 suiss'e
681 1955 758 2016 dico.

332 2057 378 2122 51.
397 2036 470 2118 Quo
488 2037 580 2102 modo
596 2037 654 2098 hoc
673 2034 785 2098 doces?
799 2057 860 2118 quo
876 2039 974 2105 modo

287 2141 325 2185 ex
340 2121 486 2181 locatione
503 2119 552 2179 illa
569 2118 769 2179 columnarum
783 2116 872 2181 docui
888 2121 974 2182 isium

288 2198 345 2262 esse
363 2199 545 2280 praedatum?
566 2200 695 2277 opinor,
713 2218 749 2258 ex
766 2217 803 2258 eo
821 2202 974 2276 maxime,

327 2279 368 2340 bd
386 2280 513 2359 iniquam
528 2276 626 2357 legem
641 2321 650 2350 ,
664 2297 830 2358 novamque
847 2278 974 2342 dixisset.

287 2302 365 2440 guis
384 2361 461 2419 enim
473 2377 610 2438 umquam
631 2374 752 2417 conatus
770 2357 810 2417 est
827 2355 891 2436 jura
905 2382 976 2427 om·

285 2443 355 2514 nia,
372 2440 404 2500 &
416 2437 653 2499 consuetudinem
663 2441 792 2498 omnium
803 2458 975 2503 commuta·

286 2539 319 2583 re
339 2541 405 2580 cum
424 2520 637 2600 vituperatione
652 2563 661 2591 ‚
675 2521 735 2578 sine
758 2516 866 2599 quaestu
877 2523 890 2583 ,²
903 2519 975 2587 Per,-

287 2621 355 2681 gam
368 2645 378 2674 ‚
398 2616 483 2681 atque
500 2599 629 2678 insequar
647 2599 760 2681 longius
773 2620 780 2658 ι
793 2599 892 2680 iniqua
904 2601 973 2685 lege

287 2681 455 2754 uendebas,
466 2678 524 2762 qud
541 2678 629 2759 pluris
646 2679 788 2740 venderes
802 2700 809 2738 :
823 2700 896 2755 cur,
909 2679 973 2772 jam

285 2760 406 2821 addidis
421 2807 431 2836 ‚
449 2761 482 2821 ἃ
499 2759 624 2821 venditis
641 2760 767 2820 decumis
781 2804 790 2832 ,
804 2779 895 2840 quum
908 2783 972 2841 jam

287 2841 325 2907 ad
348 2839 487 2901 summam
513 2841 698 2901 decumarum
716 2840 809 2913 nihil,
828 2839 866 2900 ad
885 2856 973 2907 tuum

285 2920 423 3009 questum
440 2921 562 2985 multum
584 2919 678 3005 posset
693 2912 858 2997 accedere,
873 2918 973 2992 subito
