2550 4175
330 579 581 647 Acrzonts
606 577 655 646 11.
680 575 716 649 L.
741 573 811 650 ΙΙΙ,
861 576 909 675 7i

230 691 344 754 millia?
361 693 616 770 dubitatisetiam,
635 693 682 752 'cui
690 693 741 754 ista
750 712 830 756 tanta
863 716 917 757 τε·

232 774 272 832 da
287 777 405 854 quaesita
416 777 453 834 sit
466 778 477 827 ‚²
491 770 624 854 Iniquum
643 794 691 835 me
705 773 762 837 effe
779 718 919 858 quispiiam

230 854 335 928 dicet,
350 857 400 936 qui
413 874 450 916 ex
468 851 539 914 lucri
556 854 751 936 magnitudine
765 856 919 936 conjediu-

232 955 296 994 ram
314 933 418 995 faciam
431 935 520 1006 furti,
540 950 626 1016 atque
640 935 754 1016 praedae.
772 936 875 1017 Quid,
894 941 918 999 si

234 1014 331 1075 doceo
341 1060 350 1088 ,
359 1015 494 1089 Iudices,
505 1035 579 1088 eos,
593 1017 642 1096 qui
656 1034 745 1077 cccc
756 1019 843 1080 miliia
853 1036 922 1079 mo·-

234 1094 314 1155 diitm
332 1095 540 1170 lucrifaciunt,
557 1096 695 1156 damnum
707 1096 831 1158 faciuros
848 1098 917 1160 fuis·-

233 1175 285 1249 se,
302 1178 326 1235 si
344 1194 393 1238 tue
408 1179 563 1259 iniquitas,
582 1179 662 1237 situi
683 1199 719 1238 ex
736 1180 860 1241 cohorte
872 1200 919 1242 re·

234 1273 421 1337 cuperatores
438 1279 500 1318 non
520 1258 757 1320 intercederent?
775 1280 844 1321 num
857 1264 920 1342 quis

234 1340 344 1419 poterit
363 1342 393 1399 in
410 1356 495 1400 tanto
504 1338 584 1399 lucro
596 1382 606 1412 ,
617 1346 754 1422 tantaque
769 1343 922 1423 iniquitate

236 1418 390 1495 dubitare,
405 1421 474 1502 quin
489 1437 611 1501 propter
625 1422 844 1501 improbitatem
858 1439 920 1483 tam

234 1519 360 1579 magnos
381 1499 503 1582 quaestus
522 1499 646 1563 feceris?
665 1522 719 1582 pro
742 1518 787 1561 ter
802 1505 920 1583 magni*

236 1580 369 1639 tudinem
401 1579 501 1641 uaestds
518 1581 670 1661 improbus
692 1523 749 1642 esic
770 1582 921 1648 volueris?

280 1602 407 1721 XLVli.
424 1661 592 1741 Quomodo
602 1664 688 1743 igitur
703 1663 761 1722 hoc
773 1661 919 1743 assequar,

238 1739 378 1814 Iudices,
398 1759 430 1802 ut
446 1741 531 1802 sciant
542 1786 553 1814 ,
566 1760 705 1823 quantum
722 1743 793 1803 lucri
812 1741 920 1803 fassum

239 1822 364 1883 sitinon
373 1843 410 1884 ex
420 1822 545 1905 Apronii
553 1822 820 1907 tabulis,quasego
830 1842 920 1906 quum

240 1904 462 1983 conquirerent,
477 1925 538 1964 non
551 1906 650 1965 inveni
660 1924 668 1963 τ
680 1905 712 1965 &
726 1926 817 1987 quum
828 1907 857 1964 in
875 1903 919 1984 jus

239 1979 331 2062 ipsum
345 1985 450 2059 eduxi,
467 1987 616 2066 expressi,
632 2002 665 2044 ut
679 1983 826 2047 conficere
838 1986 921 2046 tabu·

239 2064 282 2123 las
292 2061 321 2125 se
330 2083 459 2205 reparet.
471 2064 700 2126 Simentiebatur
710 2086 718 2125 ε
729 2067 921 2147 quamobrem

239 2164 365 2205 remove
389 2164 441 2217 at,
459 2150 484 2206 si
503 2145 548 2203 hae
566 2145 671 2204 tabulae
688 2147 759 2205 nihil
773 2148 825 2205 tibi
840 2163 922 2206 erant

243 2223 414 2285 obfutura?
438 2224 469 2285 si
492 2227 614 2284 omnino
641 2225 731 2285 nullas
755 2226 924 2286 confecerat

242 2307 352 2365 litteras
366 2326 374 2365 τ
387 2325 424 2366 ne
438 2305 468 2365 id
481 2304 599 2387 quidem
610 2303 674 2364 satis
685 2304 882 2387 significabat,
893 2307 925 2366 il·

242 2387 306 2445 ium
326 2406 387 2446 non
409 2383 489 2446 suunt
511 2388 661 2468 negotium
676 2385 819 2469 gessisse?
833 2408 868 2448 ea
884 2385 925 2462 est
1003 2449 1008 2454 ,

243 2468 324 2527 enim
340 2470 413 2528 ratio
428 2468 656 2528 decumanorum
666 2512 675 2542 ,
685 2485 716 2528 ut
726 2469 787 2529 sine
817 2468 925 2550 lurimis

200 2543 204 2551 ’
243 2548 346 2608 litteris
367 2548 472 2609 confici
490 2570 551 2609 non
591 2552 686 2608 ossit:
711 2551 753 2608 sin
775 2490 821 2610 uid
844 2552 924 2612 enim

245 2630 365 2688 nomina
378 2648 523 2691 aratorum
536 2674 546 2703 ,
561 2570 796 2713 sicumsinguiis
809 2631 923 2711 passio·-

246 2729 299 2769 nes
322 2709 570 2783 decumanorum,
589 2711 690 2770 litteris
712 2709 864 2793 persequi,
892 2712 925 2771 tr

246 2788 393 2851 conficere
411 2789 522 2853 necesse
537 2789 588 2852 est.
605 2791 712 2874 Iugera
728 2790 851 2873 professi
863 2791 927 2852 sunt

246 2885 374 2932 aratores
392 2893 494 2933 omnes
512 2875 635 2954 irnperio
654 2917 664 2945 ,
686 2887 772 2953 atque
798 2869 927 2932 instituto

247 2969 327 3009 tuo:
350 2972 411 3013 non
437 2957 543 3035 opinor
562 2972 739 3035 quemquam
756 2956 849 3013 minus
870 2949 929 3012 esse

248 3029 424 3109 professum,
439 3035 547 3116 quim,
559 3051 699 3115 quantum
708 3031 807 3093 arasset
818 3078 827 3107 ,
838 3046 928 3112 quum
965 3092 966 3095 ,

250 3127 298 3171 tot
314 3132 433 3190 cruces,
452 3130 498 3179 tot
509 3114 668 3197 supplicia,
683 3129 729 3177 tot
750 3134 788 3174 er
806 3114 930 3176 cohorte

935 3347 1053 3607 f

334 3294 345 3326 l
