2550 4175
238 358 319 433 440
467 338 536 406 On
552 355 578 404 A
594 358 617 406 T
634 352 651 402 t
667 357 692 406 o

240 453 414 536 patrimonia
425 448 515 529 juris,
529 451 615 534 quim
631 453 752 532 privatae
766 449 808 511 rei
825 448 928 512 vestrae

242 535 369 595 retinere
395 532 507 600 debetis
532 553 539 592 :
566 531 741 593 non-solum
764 531 844 612 quod
858 532 929 592 -haec

242 610 306 695 jure
323 613 400 676 civili
415 612 495 696 septa
510 611 592 685 sunt3
610 612 659 673 sed
672 616 759 674 etiam
776 612 858 693 quod
876 634 930 693 pa·

242 696 413 754 trimonium
436 696 519 754 unius
539 693 732 754 incommodo
754 692 930 766 dimittitur;

244 771 290 855 jus
310 777 402 836 amitti
417 795 479 838 non
496 772 593 862 potest
605 777 672 835 sine
689 794 798 857 magno
815 776 932 834 incom-

245 856 340 917 modo
349 859 483 916 civitatis.
916 867 929 912 “.

288 934 444 997 XXVII.
457 935 492 996 In
507 936 561 996 hac
575 935 635 1018 ipsa
643 935 725 996 causa
738 935 933 1017 ,Recupera-

245 1030 347 1091 tores,
361 1020 384 1077 si
393 1018 450 1077 hoc
460 1038 515 1077 nos
526 1038 586 1076 non
597 1017 813 1091 obtinebimus,
826 1020 858 1078 ui
867 1061 877 1090 ,
887 1038 934 1077 ar·

247 1094 933 1179 manshominibus,dejettumesseeum‚quem

248 1180 303 1254 yi,
319 1180 433 1237 armatis
443 1177 628 1251 hominibus,
641 1177 772 1259 pulsum,
783 1177 934 1260 fugatum-

250 1278 308 1342 que
329 1257 385 1320 effe
403 1257 534 1320 constet:
548 1256 664 1319 Caecina
684 1280 752 1321 rem
765 1280 828 1319 non
847 1261 935 1320 amit-

251 1355 318 1412 tet,
336 1360 422 1421 quam
439 1338 528 1422 ipsam
549 1342 648 1401 animo
668 1338 761 1414 forti,
780 1340 805 1401 si
818 1356 934 1422 tempus

249 1422 291 1496 ita
315 1418 422 1497 ferret,
441 1423 610 1493 amitteret:
630 1422 661 1480 in
676 1418 889 1503 possessionem
905 1424 935 1482 in

277 1500 403 1562 raesentia
424 1523 485 1563 non
501 1499 662 1562 restituetur
678 1523 685 1562 :
702 1500 779 1565 nibil.
794 1523 841 1561 am
863 1502 934 1563 lius:

253 1522 359 1663 Bopuli
371 1582 498 1643 Romani
510 1581 590 1642 causa
603 1628 613 1656 ,
627 1584 749 1646 civitatis
762 1578 807 1660 jus
817 1602 829 1657 ·,
840 1524 936 1658 gont,

254 1660 403 1734 sortunae,
422 1661 668 1744 possessionesque
686 1667 716 1723 in
741 1662 860 1723 dubium
873 1706 884 1736 ,
897 1665 939 1723 in·

251 1758 423 1823 tentumque
441 1743 657 1803 revocabuntur
677 1763 684 1804 :
701 1742 796 1804 vestri
812 1741 938 1804 auotori-

256 1839 317 1885 tate
334 1822 391 1883 hoc
411 1820 616 1898 constituetur,
630 1822 688 1885 hoc
710 1823 935 1906 praescribetut·t

251 1976 256 1986 ι
296 1904 373 1965 icum
385 1921 415 1965 tu
426 1902 544 1987 posthac
558 1906 596 1967 de
613 1902 793 1986 possessione
814 1920 940 1967 conten·

253 2043 259 2067 ἱ
280 2007 334 2063 es,
353 2008 444 2062 eum,
459 1988 485 2047 si
500 1984 653 2069 ingressum
668 1986 761 2050 modo
775 1983 939 2064 dejeceris,

255 2066 286 2145 in
305 2068 446 2152 praedi'um
461 2065 588 2129 restituas
601 2069 750 2150 oportebit
763 2089 771 2128 ι
783 2068 828 2128 sin
840 2083 939 2130 autem

253 2150 433 2233 'ingredienti
443 2171 510 2216 cum
523 2167 631 2214 armata
639 2147 821 2212 multitudine
834 2149 940 2215 obviut

258 2230 368 2305 fueris,
389 2232 421 2292 &
433 2233 473 2291 ita
493 2233 664 2292 venientem
681 2228 841 2312 repuleris,
856 2228 942 2312 fuga·

255 2315 318 2389 tis,
334 2313 493 2384 averteris,
510 2333 569 2372 non
589 2310 718 2372 restitues
736 2328 822 2371 :tum
833 2307 943 2372 statue·

255 2394 318 2453 titis
328 2394 388 2452 vim
398 2394 427 2456 in
441 2392 522 2453 caede
532 2391 625 2452 solum
633 2436 646 2464 ‚
656 2413 717 2458 non
732 2393 820 2454 etiam
835 2391 866 2451 in
877 2393 945 2458 ani,-

258 2466 394 2534 utuinisi
414 2493 498 2533 cruor
509 2489 648 2553 apareat,
663 2475 725 2533 vim
734 2493 796 2533 non
812 2469 870 2532 effe
883 2470 945 2541 sac,-

253 2568 338 2615 .tam:
350 2549 449 2630 injure
460 2574 561 2632 parum
571 2552 716 2614 delesium
725 2551 781 2616 esse
789 2596 800 2626 ,
809 2553 859 2634 qui
871 2573 945 2632 pro·

258 2630 362 2695 hibitus
375 2633 428 2691 sit:
446 2632 498 2691 nisi
516 2639 552 2692 ex'
564 2652 601 2692 eo
619 2633 689 2695 loco
701 2680 712 2710 ,
724 2635 775 2696 ubi
788 2631 862 2693 vesti
883 2634 946 2703 ium

255 2709 449 2793 impresserit,
473 2709 559 2792 dejici
579 2717 728 2783 neminem
749 2711 844 2798 posse.
863 2653 946 2775 ξυνὴ

258 2793 344 2875 igitur
360 2796 477 2856 retineri
503 2794 697 2872 sententiam,
720 2798 753 2858 &
774 2795 947 2875 aequitatem

255 2862 417 2958 &mimum
430 2876 528 2944 valere,
546 2894 688 2963 oportere
702 2898 714 2954 3
730 2897 768 2948 an
786 2875 883 2967 verpe
909 2897 947 2962 μς
