2550 4175
287 732 333 796 ιε
381 785 387 796 ,
445 711 507 779 ΙΝ
549 712 791 779 Vurtrtrrr

280 820 359 885 fuisse
372 822 431 885 scio
442 843 461 899 t.
473 826 667 907 eumdemque
684 843 717 887 te
730 823 850 893 memini
864 825 970 887 censo·

279 905 334 965 tias
350 924 468 986 quoque
485 906 564 989 leges
578 909 607 966 in
620 906 700 968 sartis
717 904 798 966 tedis
814 908 969 987 exigendis

280 984 386 1046 tollere
398 1030 408 1059 ‚
425 987 457 1047 &
470 1004 651 1047 commutare
668 1007 676 1045 t
691 988 767 1048 treis
784 985 968 1061 redimeret,

281 1062 347 1145 cuja
364 1086 410 1127 res
428 1064 498 1129 esset
518 1088 582 1130 :ne
604 1066 716 1149 pupillo
736 1082 870 1139 tutores,
893 1090 969 1148 pro-

280 1148 437 1229 pinquique
449 1146 648 1222 consulerent,
661 1148 720 1229 quo
735 1148 828 1207 minits
842 1146 970 1207 fortunis

283 1227 418 1289 omnibus
431 1244 611 1290 everteretur
625 1249 633 1288 ι
648 1230 779 1310 exiguam
792 1226 870 1287 diem
886 1249 969 1308 prae-

281 1305 363 1370 finite
380 1311 479 1390 operi,
489 1309 545 1391 qud
560 1325 673 1371 ceteros
691 1309 727 1369 ab
737 1309 857 1389 negotio
870 1308 970 1368 exclu-

283 1388 386 1463 deres,
400 1389 498 1469 ipsein
514 1405 565 1451 tuo
580 1390 768 1470 redemptore
781 1388 890 1449 trullam
900 1408 971 1451 cer-

282 1487 342 1533 tam
358 1470 435 1545 diem
446 1468 626 1532 observares.
919 1498 922 1503 ·

280 1618 284 1626 ,
325 1570 371 1628 17.
383 1550 587 1631 Quamobrem
596 1572 708 1613 novam
718 1551 854 1632 legem-te
869 1551 899 1609 itt
913 1550 970 1611 de·

281 1629 499 1694 cumisstatuisse
507 1654 567 1694 non
578 1635 668 1692 miror
675 1677 686 1707 ‚
694 1633 844 1692 hominem
850 1634 879 1690 in
887 1630 971 1691 edic·

280 1716 319 1776 tis
333 1716 492 1795 pretoriis,
504 1714 533 1772 in
547 1711 682 1774 censoriis
694 1712 805 1793 legibus
821 1727 883 1772 tam
900 1734 970 1793 pru-

283 1792 402 1855 dentem
414 1838 425 1868 ,
437 1809 497 1854 tam
514 1795 721 1854 exercitatum:
732 1812 813 1865 non,
829 1794 859 1851 in
880 1813 970 1867 nam,

283 1875 374 1938 miror
385 1919 395 1949 ‚
405 1890 435 1935 te
447 1874 484 1935 ali
524 1874 554 1934 id
563 1869 736 1957 excogitasse
747 1894 754 1933 ι
765 1872 815 1933 sed
828 1873 909 1952 quod
919 1876 971 1936 tui

283 1953 387 2036 sponte
403 1895 526 2034 ,injusssr
536 1954 639 2036 populi
649 1997 660 2027 ‚
670 1956 731 2013 sine
742 1950 855 2014 senariis
865 1953 971 2015 aueto-

282 2036 366 2097 ritate
380 2031 442 2114 juta
450 2036 607 2117 provinciae
617 2032 718 2097 Sicilire
730 2032 846 2097 nutris
857 2076 869 2108 ,
879 2026 908 2094 id
921 2054 972 2096 re·

283 2114 500 2199 prehendo‚id
509 2115 620 2178 accuso.
676 2184 678 2188 ,

329 2194 374 2256 18.
391 2195 426 2255 L.
443 2194 595 2272 Ostavio,
615 2197 650 2259 &
668 2193 706 2259 C.
727 2195 824 2258 Cottae
845 2195 973 2257 consuli-

284 2275 339 2338 bus
355 2275 468 2337 senatus
489 2279 620 2359 permisit
635 2322 646 2352 ‚
660 2294 692 2338 ut
709 2279 771 2339 vini
789 2278 822 2338 δι
837 2276 896 2336 olei
913 2277 972 2338 de-

285 2379 404 2436 cumas,
419 2356 452 2420 &
467 2355 583 2455 frugum
597 2360 772 2420 minutarum
786 2403 797 2433 ‚
812 2379 881 2440 quas
900 2376 973 2420 ante

284 2454 315 2499 te
339 2436 494 2521 quaestores
514 2462 544 2499 tn
571 2439 664 2501 Sicilia
684 2439 814 2500 vendere
834 2439 973 2498 consues-

283 2516 376 2593 sent,
400 2517 504 2578 Rotnae
530 2517 721 2590 venderent,
745 2518 897 2599 legemque
926 2519 973 2579 his

281 2597 372 2671 ¹rebus
393 2642 404 2673 ‚
430 2617 517 2679 quam
541 2599 551 2657 i
572 2599 609 2657 sis
639 2597 810 2670 videretur,
829 2596 974 2660 dicerent.

280 2677 390 2758 ,Quum
411 2676 518 2738 locatio
544 2619 650 2753 seret,
674 2677 819 2758 publicani
842 2673 974 2755 postula-

234 2771 237 2776 “
280 2776 352 2823 runt
368 2803 378 2833 ‚
395 2757 531 2840 quasdam
546 2778 592 2821 res
604 2775 637 2818 ut
649 2758 687 2818 ad
699 2758 797 2839 legem
810 2755 975 2835 adderent,

181 2843 184 2848 ’
281 2859 322 2918 ,ηε
363 2859 380 2900 e
397 2857 525 2901 tamena
542 2837 676 2900 censoriis
690 2837 913 2919 cererislegibus
925 2860 975 2900 re·

282 2861 436 2999 peditent.
455 2919 568 2984 Conttd
596 2919 666 2981 dixit
682 2921 726 2993 is,
748 2921 797 3001 qui
824 2917 974 2982 casurum

240 3033 242 3037 ¹
285 2999 391 3062 Romae
400 2999 454 3062 fuit
464 3018 547 3076 ,tuus
558 2998 683 3081 hospes,
696 2999 806 3062 Verres
820 3045 829 3073 ‚
843 2998 975 3080 hospes,

284 3083 402 3162 inquam
415 3126 425 3156 ,
437 3081 479 3142 .&
501 3079 645 3155 familiaris
663 3097 750 3154 tuus,
770 3081 903 3145 Sthenius
925 3081 974 3142 hic

284 3159 499 3241 Thermitanis.
511 3158 665 3241 Consules
684 3161 795 3222 causam
818 3182 974 3243 cognove-

285 3258 376 3305 runt:
395 3245 573 3326 quumritos
590 3244 741 3326 primarios
750 3259 836 3327 atque
853 3242 977 3322 amplis·
