2550 4175
291 399 371 483 ‘320
468 386 531 453 IN
569 388 806 454 Vannanr

291 503 357 562 vius
373 498 485 582 Turpio
508 499 646 582 quidam,
665 502 733 582 qui,
758 498 797 560 C.
814 498 979 565 Sacerdote

315 598 418 644 raetore
431 624 441 653 ‚
455 577 621 659 injuriarum
639 581 789 647 damnatus
806 579 867 653 est,
883 582 979 645 homo

291 602 370 720 iane
385 682 421 741 ap
445 664 534 721 ositus
552 662 590 722 ad
608 659 684 722 istius
704 660 853 721 audaciam
868 682 980 744 :quem

291 736 343 800 iile
364 742 394 799 in
414 682 563 815 ciicumis,
581 744 610 801 in
632 742 718 807 rebus
736 742 929 822 capitalibus,
949 746 978 804 in

292 823 374 879 omni
400 822 562 895 calumnia,
579 820 784 902 praecursorem
798 822 913 888 ¹habere
930 822 980 885 so·

290 899 395 971 lebat,
416 903 448 961 &
466 901 647 962 emissarium.

302 977 305 982 ¹
334 978 444 1040 XLII.
472 981 603 1041 Veniunt
633 980 787 1061 Syracusas
804 989 978 1063 parentes,

291 1063 505 1199 propinquique
531 1059 701 1122 miserorum
726 1062 979 1137 adolescentium,

315 1162 352 1199 oc
380 1144 533 1221 repentino
559 1142 729 1215 ,calamitatis
754 1141 810 1202 suae
836 1146 980 1204 commoti

291 1221 394 1281 nuntio
418 1242 425 1280 z
443 1221 557 1283 vinslos
575 1221 732 1304 adspiciunt
748 1225 857 1284 catenis
871 1224 981 1285 liberos

290 1299 359 1366 suos
371 1321 386 1375 ,¹
400 1322 489 1382 quum
506 1300 580 1363 istius
597 1305 722 1362 avaritiae
737 1324 854 1384 poenam
875 1305 981 1378 collo,

294 1380 498 1443 &cervicibus
515 1383 571 1442 suia
584 1381 770 1445 sustinerem:
792 1383 915 1459 adsunt,
931 1384 982 1445 de·

293 1459 440 1536 sendum,
456 1465 638 1545 proclamant
655 1484 663 1523 z
681 1462 772 1525 fidem
790 1481 890 1537 tuam,
916 1486 982 1546 quae

293 1542 432 1623 nusquam
451 1561 532 1617 erat,
549 1564 604 1604 nec
621 1565 759 1625 umquam
777 1543 854 1618 fuit,
871 1546 981 1625 implo-

293 1642 370 1692 rant.
395 1622 479 1684 Pater
498 1626 596 1684 aderat
617 1623 717 1684 Dexio
741 1623 981 1705 Tyndaritanus,

292 1699 387 1763 homo
400 1703 592 1763 nobilissimus
606 1747 615 1775 ,
629 1702 687 1762 hos
703 1724 733 1763 es
752 1720 836 1777 tuus,
852 1702 933 1784 cujus
948 1725 981 1765 ru

293 1781 379 1844 domi
397 1781 511 1856 fueras,
531 1803 618 1865 quem
635 1726 781 1865 hospitem
800 1786 980 1865 appellarasa

293 1880 363 1924 eum
380 1883 469 1943 quum
487 1862 536 1924 illa
552 1862 743 1938 ausiuritate,
759 1865 792 1925 &
807 1863 920 1926 miseria
935 1868 982 1926 vi·

296 1941 382 2006 detes
391 1943 630 2026 praditum‚non
639 1961 670 2007 te
681 1942 745 2025 ejus
754 1946 981 2027 lacrymae‚non

294 2022 446 2101 seneclus,
462 2046 523 2086 nou
540 2024 657 2107 hospitii
672 2022 717 2105 jus
732 2070 743 2101 ,
764 2043 851 2107 atque
870 2046 982 2089 nomen

294 2126 315 2168 a
333 2105 441 2171 scelere
461 2107 595 2191 aliquam·
606 2106 643 2166 ad
666 2123 780 2188 partem
797 2106 983 2168 humanitatis

294 2206 436 2249 revocare
455 2189 560 2267 potuit·
702 2229 705 2234 ·

340 2284 406 2345 109.
413 2265 472 2327 Sed
479 2265 548 2346 quid
559 2285 616 2346 ego
624 2262 740 2345 hospitii
747 2263 810 2345 jura
820 2267 849 2324 in
857 2265 912 2324 hac
921 2282 983 2326 tam

293 2343 413 2406 immani
425 2345 522 2405 bellua
532 2364 737 2406 commemoro
747 2347 759 2406 ‚²
769 2346 819 2425 qui
830 2343 990 2409 Sthenium

280 2454 283 2458 ·
296 2420 542 2498 Thermitanum,
556 2422 815 2504 hospitemsuum,
834 2419 914 2499 cujus
925 2424 984 2482 do-

297 2522 379 2566 mum
414 2523 445 2564 er
457 2503 609 2583 hospitium
627 2502 776 2576 exhausir,
796 2502 829 2562 &
847 2504 983 2562 exinani-

296 2585 363 2657 vit,
410 2581 524 2647 santam·
534 2585 565 2642 in
583 2601 652 2641 reos
668 2581 820 2655 retulerit,
842 2582 927 2640 causa
939 2585 984 2643 in·

298 2661 393 2735 dicia,
406 2662 507 2742 capite
520 2661 686 2721 damnarit:
704 2661 741 2720 ab
759 2681 797 2722 eu
817 2683 893 2720 nunc
910 2662 982 2722 hos-

297 2742 434 2823 pitiorum
456 2739 542 2821 jura,
569 2757 657 2822 atque
676 2738 772 2803 officia
795 2744 981 2822 quaeramus?

301 2842 367 2885 cum
384 2824 503 2885 homine
521 2823 599 2885 enim
621 2822 730 2882 crudeli
749 2823 833 2882 nobis
855 2843 900 2882 res
916 2821 982 2897 est,

300 2924 338 2971 aa
354 2914 423 2967 ‘cum
445 2903 527 2981 fera,
555 2922 641 2989 atque
665 2906 785 2968 hnmani
799 2903 895 2969 bellua
908 2902 919 2965 i
930 2901 981 2967 'Tc
