2550 4175
248 361 326 456 448
473 360 701 432 ormo

246 474 357 555 Quid?
379 476 403 535 si
419 478 483 558 quis
506 476 565 558 jam
586 479 624 540 de
644 478 712 540 foro
735 475 934 553 redeuntem,

249 558 538 622 armarishominibus
553 561 675 619 domum
683 578 763 620 ruant
771 577 802 619 te
811 562 936 619 introire

248 637 448 731 prohibuerit,
465 640 535 721 quid
549 642 673 723 ageres?
690 658 804 702 uterere
822 639 936 701 eodent

245 717 414 779 rnterdidio.
432 718 535 798 Quum
550 724 638 803 igitur
650 741 758 803 praetor
773 721 938 782 interdixe-

248 798 307 872 rit,
326 798 405 860 unde
425 799 553 881 dejedus
572 822 627 875 es,
644 819 677 862 ut
695 803 732 862 eb
754 800 908 862 restituaris
924 820 936 875 3

248 892 282 942 iu
300 879 358 940 hoc
383 879 486 955 idem,
508 883 589 964 quod
610 903 669 964 ego
690 882 756 942 dico
767 927 781 956 ,
803 880 937 964 &quod

249 960 433 1100 perspicuum
445 962 508 1036 est,
522 964 752 1043 interpretabere
769 983 776 1021 ε
794 984 885 1044 quurn
900 962 938 1043 ib·

249 1040 307 1114 ,ud
321 1042 461 1118 verbum,
477 1046 569 1116 unde,
584 1045 614 1101 in
632 1061 727 1103 utram
748 1064 784 1104 ue
802 1063 868 1105 rem
884 1065 939 1105 tra·

249 1117 309 1179 leat
321 1107 443 1203 ssedque
461 1141 493 1183 tu
511 1122 619 1183 restitui
636 1126 674 1183 sis
697 1064 781 1202 indus
798 1147 808 1185 .·
825 1140 887 1203 tant
905 1141 937 1185 te

249 1200 280 1259 in
300 1201 376 1263 aedes
395 1220 457 1263 tuas
472 1202 580 1264 restitui
596 1222 760 1284 oportere,
780 1205 805 1264 si
817 1223 835 1265 e
848 1202 938 1265 vesti·

247 1284 345 1358 bulo,
362 1284 451 1366 quim
473 1288 498 1345 si
519 1305 556 1346 ex
572 1286 710 1346 interiore
727 1285 834 1346 aediutn
854 1302 937 1367 parte

250 1364 381 1446 dejedius
393 1369 441 1427 sis.

250 1443 253 1449 “
292 1465 344 1525 90.
359 1446 402 1508 Ut
418 1447 491 1509 verb
501 1445 582 1527 jam,
594 1446 849 1529 Recuperatores,
860 1446 939 1508 nulla

203 1537 206 1541 ’
248 1526 396 1591 dubitatio
412 1531 470 1603 sit,
487 1532 549 1590 sive
559 1550 652 1601 rem,
667 1532 730 1590 sive
747 1528 840 1588 verbu
856 1526 939 1607 spec·

251 1624 314 1670 tare
328 1609 438 1682 vultis,
457 1612 526 1699 quin
542 1608 698 1671 secundum
715 1628 771 1668 nos
781 1606 939 1689 judicetis,

252 1691 382 1751 exoritur
400 1688 447 1750 hic
464 1710 524 1766 lant
539 1734 549 1763 ,
564 1692 676 1751 obrutis
698 1685 785 1749 rebus
802 1690 939 1749 omnibus

253 1770 437 1851 deperditis,
452 1771 500 1829 illa
514 1766 671 1845 defensio,
690 1789 758 1828 eum
770 1767 858 1847 dejici
873 1767 941 1850 pof-

252 1846 304 1925 se,
324 1852 372 1932 qui
397 1867 460 1910 tum
480 1849 629 1931 possideat
650 1871 659 1909 t
680 1852 730 1931 qui
753 1871 816 1910 non
842 1851 941 1931 possi·

252 1930 343 2007 deat,
362 1930 443 1992 nullo
465 1930 559 1993 modo
579 1929 682 2012 poiie:
707 1933 825 2013 itaque,
839 1933 864 1991 si
880 1950 939 2012 ego

252 2014 309 2073 sim
332 2034 350 2071 a
371 2015 429 2072 tuis
450 2012 558 2073 aedibus
582 2010 732 2092 dejedus,
753 2008 861 2072 restitui
878 2031 942 2073 non

255 2113 415 2176 oportere,
434 2096 457 2154 si
469 2095 529 2177 ipse
538 2097 579 2155 eis
595 2140 604 2167 ‚
623 2110 772 2174 oportere.
789 2092 941 2170 Numera,

276 2175 343 2236 uini
361 2175 450 2235 muita
467 2178 498 2235 in
513 2173 564 2235 ista
582 2174 755 2235 defensione
773 2172 842 2234 falsa
862 2177 940 2249 sint,

254 2195 319 2316 diso
340 2278 348 2316 ε
370 2277 403 2316 ac
428 2258 552 2335 priminn
578 2255 651 2314 illud
677 2253 815 2328 attende,
831 2271 863 2314 te
880 2253 942 2334 janu

255 2355 292 2397 ex
308 2338 356 2397 illa
377 2337 489 2396 ratione
500 2334 557 2397 effe
575 2333 746 2416 depulsum,
761 2333 843 2415 quod
853 2356 943 2418 nega·

255 2416 308 2478 bas
318 2437 493 2498 quemquam
507 2414 596 2494 dejici
608 2415 710 2497 poffe,
726 2416 781 2474 nisi
796 2418 886 2496 quiin
903 2437 944 2477 eo

255 2495 328 2559 loro
345 2497 430 2557 fuerit
448 2517 455 2555 ε
473 2518 569 2571 nunc,
585 2499 635 2578 qui
657 2496 825 2638 possideat,
847 2515 943 2573 eunt,

256 2580 348 2639 etiarn
357 2580 380 2636 si
395 2597 456 2636 non
466 2576 551 2638 fuerit
564 2580 595 2638 in
606 2596 645 2637 eo

255 2657 405 2719 concedist

298 2754 347 2818 91.
358 2735 428 2798 'Cur
445 2757 517 2821 ergo
536 2756 585 2798 aut
603 2738 634 2799 in
648 2737 719 2798 illud
738 2738 946 2820 quotidianum

224 2892 228 2896 ῃ
255 2819 460 2894 interdidum,
481 2822 563 2881 Unde
578 2821 627 2880 ille
642 2843 683 2879 me
700 2821 731 2880 νὶ
747 2816 870 2897 dejecit,
885 2820 946 2880 ad·

255 2900 333 2965 ditur
342 2943 358 2975 ,Α
374 2922 456 2981 quum
475 2925 523 2984 ego
539 2904 706 2985 possiderent
717 2920 729 2976 3
753 2902 777 2962 si
788 2899 876 2983 dejici
887 2922 951 2972 ne»,

689 2598 725 2637 co
736 2621 749 2650 ,
761 2574 846 2658 dejici
860 2576 945 2659 posse
