2550 4175
391 393 652 463 Acrrours
676 388 724 461 II.
749 387 788 461 Ε.
812 387 881 460 III.
925 407 976 482 79

234 537 241 598 p
292 504 374 568 sesne
386 552 396 583 ,
409 507 514 569 severis
527 504 669 586 judicibus
679 550 688 581 ,
699 505 791 567 salvus
803 503 879 577 esse?
891 503 978 565 Unus

234 641 241 678 ἱ
293 608 365 670 ager
383 587 574 671 Agyrinensis
590 603 707 648 centum
722 586 900 669 septuaginta
910 607 979 647 ara-

234 721 243 762 Ι
294 667 406 729 toribus
418 672 530 730 inanior
547 688 636 749 quum
650 666 705 741 sit,
715 687 771 728 vos
781 664 977 746 conjedluram

234 803 244 842 Ι
293 751 384 810 totius
403 749 562 830 provinciae
583 769 644 809 non
658 746 785 809 satietis?
802 746 900 828 Atque
916 748 976 808 hoc

234 864 245 922 p
293 830 429 911 peraeque
450 831 480 890 in
507 831 627 890 omnia
662 851 681 889 o
709 827 871 889 decumano
890 848 978 909 repe·

234 941 244 1002 p
293 912 395 970 rietis:
416 910 518 991 quibus
538 909 623 991 aliqui
662 925 761 970 tamen
775 908 877 1003 reliqui
892 907 979 970 fuerit

294 1010 332 1050 ex
345 1011 452 1072 magno
466 991 663 1071 patrimonio,
677 1010 729 1050 eos
739 991 769 1049 in
779 1009 852 1068 agris
863 990 979 1050 minore

234 1125 244 1164 Ι
293 1068 503 1144 instrumento,
520 1072 619 1140 minus,
630 1070 728 1130 multis
750 1067 843 1151 jugis,
860 1089 980 1128 teman·

234 1183 244 1246 fi
295 1148 381 1224 sille,
404 1150 484 1232 quod
507 1149 700 1224 metuebant,
721 1151 744 1211 si
770 1147 946 1210 recessissent
964 1192 978 1230 2

294 1251 334 1291 ne
359 1230 482 1312 reliquas
507 1230 636 1292 fortunas
663 1250 768 1291 omnes
786 1232 980 1290 amitterent:

295 1310 398 1391 quibus
414 1328 511 1372 autent
526 1310 577 1373 iste
596 1308 666 1370 nihil
681 1312 805 1391 reliqui,
818 1309 898 1390 quod
912 1329 980 1390 per·

234 1427 242 1488 Ι
297 1392 428 1463 derent,
447 1389 641 1466 fecerat,„eos
657 1391 742 1471 plane
756 1411 817 1449 non
834 1388 927 1450 solum
943 1409 980 1450 err

234 1507 239 1548 1
295 1472 372 1553 agris
384 1515 394 1544 ,
405 1473 509 1531 verum
529 1491 565 1533 ex
586 1472 749 1532 civitatibus
765 1469 819 1530 suis
833 1468 980 1551 profugis-

234 1555 241 1602 ἶ
295 1551 336 1613 se.
350 1550 395 1612 illi
412 1554 486 1634 ipsi,
502 1554 550 1634 qui
567 1550 780 1625 remanserant,
796 1551 846 1610 vix
859 1550 982 1612 decuma

296 1651 364 1714 pars
373 1631 691 1705 aratorum,reli6luria
726 1653 760 1693 os
768 1650 871 1693 omnes
880 1648 982 1707 erant,

234 1767 237 1788 ‚
296 1715 352 1773 nisi
362 1711 398 1772 ad
408 1732 460 1775 eos
471 1712 609 1775 Metellus
620 1711 701 1775 Rom
725 1713 834 1774 litteras
844 1710 981 1786 misisset,

234 1791 236 1886 ζ
295 1792 327 1855 se
337 1792 472 1854 decumas
482 1794 549 1877 lege
562 1794 722 1856 Hieronicd
730 1793 933 1867 venditurum3
945 1794 980 1856 ὃ(

296 1875 352 1933 nisi
364 1874 403 1933 ab
415 1877 449 1934 iis
462 1873 519 1935 hoc
531 1872 693 1954 petivisset,
709 1891 741 1934 ut
754 1873 880 1936 sererent
892 1874 980 1955 qudm

296 1952 455 2035 plurimum
472 1974 480 2012 ε
499 1954 581 2035 quod
596 1954 638 2014 illi
652 1953 766 2035 semper
780 1954 822 2015 sui
838 1956 924 2016 cause
934 1954 983 2018 se·

298 2050 420 2108 cerant,
438 2054 527 2116 quum
537 2054 686 2096 eosnemo
695 2052 811 2118 rogaret
821 2080 831 2110 ,
842 2037 980 2118 quamdiu

296 2115 520 2197 intelligebant,
536 2113 595 2177 sese
606 2117 683 2192 sibi,
701 2118 856 2258 &populo
871 2117 983 2178 Roma·
1025 2194 1027 2199 Ι

297 2216 362 2269 no,
377 2217 437 2256 non
449 2195 538 2257 Verri
551 2195 729 2278 &Apronio
751 2218 832 2259 erere
845 2243 854 2272 ,
868 2201 985 2280 impen-

299 2277 370 2338 dere
383 2323 393 2353 ,
409 2276 550 2339 laborare.
562 2274 627 2339 Jam
642 2281 736 2352 verb,
753 2278 889 2353 ludices,
907 2284 930 2340 si
941 2279 985 2341 Si-

298 2357 432 2421 culorum
448 2357 577 2419 fortunar
595 2359 758 2441 negligitis:
778 2363 821 2433 si,
840 2361 983 2441 quemad-

297 2438 421 2501 modum
437 2437 506 2499 socii
533 2439 635 2519 populi
655 2439 780 2501 Romani
800 2463 817 2499 a
836 2441 984 2524 magistra·

296 2519 375 2580 tibus
389 2515 490 2579 nostris
504 2518 683 2594 tradentur,
696 2541 758 2581 non
773 2520 908 2582 laboratis
926 2543 934 2580 ι
954 2540 984 2584 at

297 2618 356 2659 vos
377 2619 564 2661 communem
579 2601 696 2682 populi
719 2601 846 2663 Romani
870 2602 983 2664 causam

297 2677 452 2759 suscipite,
471 2696 557 2763 atque
573 2679 732 2744 defendite.
750 2680 867 2762 Ejettos
881 2701 985 2744 arato-

298 2778 347 2819 res
362 2757 418 2820 esse
436 2760 503 2822 dico
515 2782 619 2844 :agros
632 2763 787 2845 redigales
799 2780 921 2825 vexatos
935 2781 985 2827 at·

300 2856 359 2919 que
378 2843 536 2904 exinanitos
548 2842 672 2919 aVerre
689 2844 878 2924 :populatam
891 2867 912 2906 r
976 2918 979 2925 Ι
1005 2882 1008 2889 -
1028 2868 1031 2873 ·
1072 2880 1074 2885 ·

299 2934 420 3003 taruque
436 2925 616 3005 provinciam
626 2945 634 2986 r
645 2925 708 2987 hec
720 2924 889 3064 omnissd'pc

851 3024 883 3067 w
