2550 4175
379 356 627 430 Acrrours
651 355 698 436 ΙΙ.
735 357 774 427 L.
810 360 851 427 V.
900 373 978 453 3¹5

294 471 390 548 bant,
408 490 441 533 ur
456 469 575 555 populo'
587 469 746 546 Romano,
766 474 878 553 totique
890 469 980 534 ltaliae

267 580 274 590 ⁴
294 547 475 635 suppeditare
494 549 607 635 possent
617 552 628 612 l
639 550 727 614 eosne
742 550 867 619 ininsula
881 549 981 614 Cere·

295 635 333 695 ris
343 650 429 695 natos
441 678 453 707 ,
470 635 520 695 ubi
531 635 658 715 primum
671 633 768 773 fruffes
782 636 906 694 inventae
922 630 981 696 effe

297 714 454 789 dicuntur,
476 734 514 776 eo
530 715 597 774 cibo
615 712 671 774 elle
691 734 776 785 uos,
796 734 815 772 a
832 733 891 795 quo
912 735 981 780 ma·

296 792 376 875 iores
394 813 497 857 eorum
515 810 628 856 eeteros
638 814 757 876 quoque
768 837 779 866 ,
792 792 920 875 fiugibus
934 796 983 860 in·

297 875 394 942 ventis
409 873 643 950 ,removerunrl
659 873 706 935 Te
724 890 849 956 praetore
865 918 876 947 ,
893 872 982 936 Siculi

297 955 404 1032 milites
420 956 580 1037 palmarum
601 952 752 1037 stirpibus,
768 955 922 1037 praedoues
935 953 984 1015 Si·

298 1036 366 1099 culo
377 1033 525 1098 frumento
538 1035 699 1106 alebantur.

311 1187 315 1194 Ι
342 1133 410 1178 ιοο.
434 1114 465 1178 O
483 1115 678 1199 spellaculum
700 1114 863 1189 miserum,
893 1132 983 1198 atque

299 1197 457 1260 acerbum!
478 1197 602 1264 ludibrio
619 1195 676 1259 effe
692 1197 771 1256 urbis
786 1196 930 1278 gloriam,
948 1197 983 1257 &

299 1276 404 1359 populi
428 1275 556 1340 Romani
583 1296 695 1338 nomeu
709 1297 720 1350 3
733 1276 889 1338 hominum
907 1296 985 1338 con-

299 1374 509 1439 ventu,atque
528 1356 736 1428 multitudine;
754 1358 875 1439 piratico
889 1377 985 1438 myo-

300 1456 434 1520 parone,
445 1439 572 1521 inportu
586 1435 770 1519 Syracusano
780 1436 818 1502 de
831 1434 914 1500 claffe
928 1458 985 1518 po·

301 1518 363 1601 puli
382 1517 509 1581 Romani
526 1518 704 1600 triumphum
729 1537 815 1602 agere
835 1520 984 1599 piratam3

301 1620 393 1683 quum
410 1601 540 1682 praetoris
556 1600 747 1682 nequissimi,
765 1600 986 1679 inertissimique

302 1679 407 1746 oculos
416 1680 585 1761 predonum
593 1681 667 1742 remi
675 1677 987 1763 respergerentholl·

302 1780 461 1843 eaquame
496 1778 562 1821 ortu
578 1762 677 1842 piratae
693 1782 755 1823 uon
778 1777 860 1822 metu
887 1760 985 1842 aliquo

303 1839 398 1904 affeui
410 1885 420 1915 ,
431 1839 460 1902 se
490 1841 621 1903 satietate
639 1843 787 1902 exierant:
805 1858 869 1902 rum
886 1861 987 1921 coepe·

303 1938 371 1983 runt
385 1942 513 2017 quaerere
526 1923 661 1982 homines
679 1919 790 1981 causam
805 1921 879 1980 illius
898 1936 986 1984 tantre

305 2001 475 2066 calamitatis
490 2025 498 2063 ι
515 2002 612 2063 dicere
627 2019 754 2073 omnes,
772 1999 914 2080 &palam
931 1998 988 2059 dis·

304 2099 407 2167 putare
419 2127 431 2155 ,
441 2084 559 2144 minime
575 2078 632 2144 elle
645 2079 828 2155 mirandum,
847 2081 892 2154 si,
908 2079 988 2139 mili-

304 2159 922 2246 tibus,remigibusquedimissis,reliquise
944 2158 990 2220 es·

306 2261 367 2309 rate
386 2243 419 2306 &
442 2244 521 2305 fame
542 2245 686 2338 perditis,
706 2260 832 2324 praetore
852 2257 898 2302 tot
946 2243 994 2302 'er-

306 2346 374 2389 eum
394 2323 566 2385 mulierculis
586 2340 782 2464 perffotante,
799 2339 879 2383 tanta
899 2322 990 2404 igno·

307 2407 397 2468 minia
411 2405 444 2466 &
458 2405 602 2465 calamitas
615 2424 632 2464 e
656 2421 685 2464 et
701 2420 830 2484 accepta.
853 2403 925 2463 Haec
938 2409 990 2467 au?

307 2502 371 2547 rem
381 2482 457 2544 istius
468 2486 645 2566 vituperatio
661 2529 670 2557 ,
687 2501 773 2564 atque
789 2483 905 2544 infamia
917 2504 990 2544 con·

308 2563 473 2626 firmabatur
488 2585 592 2643 eorum
610 2562 766 2637 sermone,
785 2567 834 2646 qui
849 2562 930 2624 asuis
944 2567 990 2623 ci·

309 2642 446 2707 vitatibus
461 2643 517 2704 illis
534 2644 656 2704 navibus
679 2648 825 2724 praepositi
847 2643 960 2704 fuerant
978 2665 987 2705 ε

311 2724 362 2807 qui
369 2742 406 2784 ex
413 2721 464 2782 illo
476 2744 597 2786 numero
610 2724 663 2785 reli
683 2726 712 2783 ui
725 2723 988 2803 Syracusas,clalle

311 2801 439 2875 amissi,
458 2801 630 2887 refugerant.
657 2746 834 2873 ssicebant,
859 2823 933 2947 auos
953 2825 990 2866 ex

310 2887 360 2951 sua
384 2879 592 2969 quisquenavi
613 2881 710 2948 missos
732 2881 815 2945 sciret
822 2902 856 3026 ὁὶ
874 2903 907 2978 e.
930 2884 991 2949 Res

872 2987 892 3045 ¹l
