2550 4175
355 382 434 475 '276
515 383 577 451 In
617 385 854 453 Vrinam

355 516 456 557 manus
487 494 649 577 adspiciat,
674 518 711 559 ex
736 494 1013 561 mulierumntorsrt
1025 543 1040 572 ,

353 573 473 657 vestigia
486 576 612 639 vlibidinis
623 622 634 653 ,
647 595 734 661 atque
749 578 895 659 nequitiae.
1025 640 1027 643 Α

347 677 351 684 ·
373 725 377 730 Ι
399 672 447 734 33.
478 654 531 716 Dii
555 656 662 720 faciant
680 703 691 733 ,
711 675 744 718 ιιι
767 661 809 718 rei
832 657 983 727 militaris,
1005 672 1036 717 ut

354 733 426 797 belli
444 739 626 800 mentionem
643 737 743 801 facere
758 737 889 799 audeas:
909 736 1037 817 cognos-

355 832 460 877 centur·
474 820 551 878 eninr
569 822 667 881 omnia
685 817 762 879 istius
781 839 837 879 aera
855 817 902 875 illa
915 833 1035 891 vetera,

353 912 409 972 nt,
427 919 487 958 non
499 896 592 959 solim
610 902 641 959 in
657 902 804 979 imperio,
824 900 927 957 verinn
947 899 1035 958 etiam

350 978 385 1037 in
399 976 433 1038 sti
454 978 545 1039 endiis
560 980 650 1060 qualis
667 978 774 1051 fuerit,
789 977 973 1057 intelligatis:
990 999 1035 1039 re·

353 1001 509 1120 novaiitur
526 1063 618 1140 prima
634 1059 682 1119 illa
698 1060 819 1132 militia,
843 1078 931 1138 quum
950 1055 1001 1118 iste
1017 1078 1035 1120 e

354 1135 423 1199 foro
440 1139 564 1213 abduci,
578 1162 640 1202 non
652 1185 662 1213 ,
673 1156 706 1200 ut
722 1138 782 1221 ipse
798 1138 934 1218 praedicat
944 1182 953 1211 ‚
964 1158 1035 1217 per-

346 1218 419 1278 ·duci
445 1218 583 1282 solebat:
609 1221 744 1281 aieatoris
768 1218 924 1279 Placentini
946 1216 1035 1279 castra

353 1302 662 1362 commemorabuntur
676 1321 686 1374 ;
703 1303 733 1360 in
748 1301 853 1381 quibus
867 1319 958 1379 quum·
973 1298 1036 1365 frel-

352 1399 445 1461 quens
454 1378 547 1443 fuiffet
558 1399 676 1457 ‚tamen
687 1402 745 1442 aere
755 1380 863 1441 dirutus
871 1377 913 1439 est
924 1400 931 1438 ε
943 1379 1036 1440 multa

351 1458 416 1539 ejus
427 1463 458 1521 in
469 1460 615 1543 stipendiis
633 1463 739 1524 damna
751 1460 934 1541 proferentur
946 1480 956 1532 ;
970 1481 1035 1541 quae

351 1541 390 1601 ab
400 1539 473 1615 isto,
485 1546 574 1605 aetatis
586 1542 679 1608 fruciu
689 1540 840 1616 dinone,
851 1541 883 1601 ἃ
892 1561 1037 1621 compen·

348 1619 408 1685 fata
421 1621 493 1683 sunt.

394 1720 443 1781 3⁴4.
467 1703 535 1763 Jatn·
551 1705 647 1779 verd,
666 1723 754 1785 quum
770 1704 802 1763 in
819 1699 963 1781 ejusmodi
977 1694 1035 1781 pia-

351 1784 451 1843 tientia
467 1784 649 1865 turpitudinis
661 1830 671 1859 ‚
683 1782 776 1845 alieni
788 1829 799 1857 ‚
812 1804 874 1843 non
887 1781 935 1842 fita
945 1781 1038 1842 satie·-

350 1878 410 1938 tate
421 1863 620 1939 obduruisset3
635 1866 686 1947 qui
693 1867 738 1928 vir
747 1863 852 1938 fuerit,
869 1881 942 1943 quot
957 1885 1034 1943 prae-

349 1943 443 2017 sidia,
457 1944 545 2025 quim
559 1949 689 2019 munita,
708 1944 851 2028 pudoris,
870 1946 902 2005 δι
920 1944 1034 2023 pudici-

349 2026 419 2098 tiae,
436 2028 468 2085 vi
482 2027 514 2088 δι
533 2026 651 2089 audaciai
668 2028 800 2109 ceperit,
816 2024 947 2108 quidne
966 2026 1034 2083 arti-

350 2122 403 2167 net
421 2106 536 2182 dicere,
555 2127 603 2169 aut
618 2107 795 2190 conjungere
816 2128 882 2166 cum
896 2103 970 2164 istius
981 2107 1034 2165 fla·

349 2188 444 2325 ειίο,
461 2185 626 2268 cuiusquam
641 2208 781 2269 praeterea
801 2185 950 2248 dedecus?
970 2207 1034 2245 non

379 2271 474 2340 ciant,
489 2267 626 2328 ludices:
640 2270 738 2329 omnia
749 2283 851 2328 vetera
863 2268 1033 2345 pretermin

347 2363 412 2404 tant
433 2367 444 2406 t
462 2347 520 2407 dito
540 2345 599 2406 sola
623 2350 751 2408 recentia
777 2346 845 2406 Sine
865 2341 1030 2420 cujusquam

347 2425 466 2485 infamia
484 2447 593 2508 ponam
613 2447 625 2499 ς
642 2446 678 2486 ex
704 2426 806 2506 quibus
834 2418 1030 2498 conjecturam

347 2504 443 2566 facere
461 2506 503 2566 de
514 2507 649 2565 omnibus
667 2507 785 2586 possitis·
800 2526 811 2562 τ
828 2522 916 2562 unum
937 2500 1029 2577 illud,

346 2584 428 2665 quod
444 2587 485 2644 ita
499 2583 690 2658 fuitiliustre,
701 2602 865 2664 noruntque
877 2581 1033 2657 omnibus,

346 2681 379 2725 ut
395 2684 485 2725 nemo
499 2680 559 2724 tarn
576 2663 729 2724 rusticantis
744 2665 855 2736 horno,
873 2661 907 2721 L.
921 2660 1030 2722 Lucul-

347 2747 378 2805 l·o
390 2789 404 2818 ,
418 2745 449 2806 δι
462 2769 464 2773 ·
475 2745 520 2806 Μ.
538 2743 630 2808 Cotta
647 2744 827 2818 consulibus,
844 2743 971 2804 Romam
992 2765 1029 2804 ex

345 2827 406 2887 ullo
428 2829 586 2909 municipio
606 2826 765 2888 vadimonii
783 2824 868 2886 causti
887 2825 1001 2885 venerit
1017 2868 1033 2898 ,

346 2905 533 2996 ‹prin-sciret,
549 2906 876 2993 jura-omniapraetoric
900 2905 1031 2980 urbani„
