2550 4175
372 657 865 728 Acr'ronrsII.LIII.
905 675 974 729 121

295 768 371 829 duas
392 773 662 853 quinquagesimas,
682 766 733 830 sed
752 774 874 833 omnino
896 788 982 831 num·

295 870 380 909 anum
400 849 510 909 nullum
528 853 662 932 cuiquam
680 849 736 911 elle
756 852 919 913 deductum.

295 954 299 962 ·
340 928 504 989 LXXIX.
530 928 692 1003 Dicerem,
718 930 774 991 lroe
797 934 866 992 mihi
885 949 981 992 torum

296 1006 357 1070 esse
367 1008 602 1083 attribuendum,
617 1009 731 1070 ludices
741 1056 750 1085 ,
761 1012 785 1069 si
793 1012 834 1071 illi
844 1031 980 1093 umquam

299 1112 317 1150 a
330 1110 378 1150 me
391 1090 449 1149 hoc
460 1088 663 1170 postulassent,
678 1092 701 1148 si
712 1110 850 1172 umquam
860 1094 980 1152 omnino

295 1167 479 1252 cogitassent.
488 1170 696 1250 Quamobrem
702 1171 781 1230 enim
789 1169 878 1231 scriba
890 1171 982 1231 dedu-

294 1266 345 1309 cat
359 1272 410 1322 ,ac
425 1271 485 1310 non
494 1253 592 1332 potiits
603 1251 718 1322 mulio,
733 1251 979 1332 quiadvexit?ta·

299 1329 432 1390 bellarius
444 1376 453 1405 ,
471 1330 551 1411 cujus
563 1331 691 1393 adventu
701 1334 837 1394 certiores
852 1330 918 1391 fatti
928 1353 983 1412 pe·

297 1411 451 1471 tiverunt?
468 1431 586 1491 praeco,
622 1411 650 1469 ui
660 1410 739 1471 adire
749 1409 850 1489 jussit?
865 1413 981 1485 viator,

296 1511 334 1550 ac
347 1489 513 1566 Venerius,
526 1493 576 1572 qui
587 1432 684 1550 filcum
698 1488 824 1550 sustulit?
839 1512 905 1571 quae
916 1513 981 1572 pars

296 1590 420 1649 operae,
446 1587 494 1629 aut
519 1572 742 1652 opportunitatis
759 1572 789 1628 in
808 1569 900 1629 scriba
918 1570 982 1645 est,

298 1670 351 1709 cur
368 1653 396 1708 ei
410 1670 471 1709 non
485 1650 577 1710 modo
593 1668 707 1710 merces
720 1666 799 1709 tanta
816 1649 919 1723 detur,
933 1650 984 1711 sed

300 1749 436 1788 curcum
457 1748 494 1787 eo
518 1745 605 1787 tantae
624 1731 754 1809 pecuniae
776 1731 893 1808 partitio
909 1728 983 1789 fiat?

292 1808 387 1869 ¹Ordo
404 1806 445 1868 est
464 1807 600 1869 honestus
616 1827 623 1865 :
642 1809 705 1888 quis
719 1812 834 1889 negat?
850 1826 898 1869 aut
914 1810 983 1890 quid

296 1908 335 1951 ea
361 1908 406 1948 res
434 1888 471 1948 ad
498 1889 571 1948 hanc
591 1908 655 1948 rem
676 1890 826 1969 pertinet?
848 1886 890 1949 est
910 1892 984 1951 verb

293 1968 459 2042 honestus,
475 1970 555 2049 qubd
566 1989 670 2029 eorum
685 1968 837 2029 hominum
854 1968 922 2030 fidei
936 1987 984 2030 ra-

294 2050 376 2112 bulae
394 2050 516 2131 publicae
536 2050 747 2132 ,periculaque
766 2048 982 2132 magistratuum

292 2134 530 2191 committuntur.
553 2128 654 2210 Itaque
673 2149 709 2189 ex
728 2131 770 2188 his
792 2129 910 2203 scribis,
933 2133 982 2212 qui

299 2212 381 2292 digni
400 2209 463 2270 sunt
482 2211 533 2271 illo
558 2210 682 2282 ordine,
699 2208 983 2345 patribusfamilias,

293 2293 370 2351 uiris
389 2290 498 2365 bonis,
516 2306 602 2371 arque
618 2290 697 2348 hone
723 2289 769 2359 's‚
788 2293 985 2368 percontami-

300 2373 332 2430 ni
347 2415 357 2443 ,
371 2371 439 2450 quid
456 2373 509 2431 sibi
529 2369 587 2429 istae
606 2370 848 2450 quinquagesimae
869 2369 982 2429 velint:

298 2450 361 2531 jam
381 2470 482 2510 omnes
507 2451 696 2530 intelligetis,
718 2469 828 2509 novam
851 2469 914 2509 rem
935 2466 985 2511 to·

291 2549 361 2591 ¹tam
376 2575 386 2603 ‚
402 2546 431 2589 at
472 2550 488 2590 e
502 2528 651 2612 indignam
666 2528 770 2589 videri.

345 2609 413 2684 184.
464 2611 482 2670 d
499 2629 549 2669 eos
565 2628 612 2668 me
622 2608 726 2668 scribas
741 2628 867 2682 revoca,
884 2611 907 2668 si
919 2612 984 2690 pla·

299 2706 376 2750 cet:
399 2690 461 2750 noli
488 2689 542 2749 hos
570 2688 730 2770 colligere,
756 2693 807 2769 qui
830 2694 984 2749 nummulis

302 2771 463 2850 corrogatis
483 2769 519 2829 de
533 2785 675 2850 nepotum
695 2769 799 2842 donis,
819 2791 852 2827 ac
873 2769 909 2829 de
923 2770 985 2830 sce·

303 2852 435 2908 uicorum
447 2848 624 2923 corollariis,
637 2868 727 2931 quum
742 2849 889 2909 decuriam
902 2870 984 2910 eme-

302 2945 394 3001 runt,
411 2947 447 2988 ex
467 2931 562 3008 primo
581 2930 683 2990 ordine
701 2929 883 3010 explosorum
898 2933 926 2988 in
941 2931 987 2990 se-

303 3007 431 3068 cundum
441 3009 573 3068 ordinem
586 3011 707 3070 civitatis
718 3010 745 3070 se
756 3008 863 3071 venisse
876 3009 986 3069 dicunt.

304 3088 366 3148 Eos
377 3084 478 3145 scribas
494 3104 591 3148 tecum
609 3089 814 3168 disceptatores
831 3087 914 3164 hujus
931 3095 988 3148 cri·

303 3167 391 3230 minis
408 3165 545 3241 habebo,
562 3171 611 3250 qui
636 3167 705 3229 istos
724 3167 827 3229 scribas
846 3168 901 3228 elle
921 3191 987 3228 mo-

348 3250 374 3309 T
373 3266 449 3309 ornus
469 3247 486 3304 I
491 3251 525 3308 V.
843 3248 865 3306 F
