2550 4175
297 672 431 766 460¹
522 671 756 756 orario

295 790 366 849 ridie
388 786 513 860 litterae,
538 807 662 869 quorum
686 788 805 870 magnae,
818 806 865 849 res
889 794 984 872 agun-

294 885 365 940 tur,
381 870 410 927 in
427 866 526 928 vestris
539 868 726 951 vestigalibus
741 870 912 929 exercendis
931 892 983 930 oc·

294 966 405 1029 cupatae
417 968 424 1005 ε
437 950 486 1030 qui
499 948 535 1008 ad
546 970 593 1011 me
601 955 656 1030 pro
668 946 880 1011 necessitudine
894 995 902 1022 ‚
917 972 982 1031 quae

283 1029 365 1089 'mihi
378 1027 419 1090 est
439 1051 505 1089 cunr
526 1030 577 1090 illo
599 1031 728 1104 or'dine,
748 1028 861 1090 causam
876 1032 983 1111 'reipu-

283 1109 406 1190 ¹blicae,
433 1110 617 1192 periculaque
641 1132 737 1171 rerum
758 1109 872 1170 suarum
893 1112 983 1173 detu-

293 1190 411 1253 leruntt

339 1291 365 1354 5.
388 1270 554 1365 Bithyniae,
572 1293 636 1353 quae
655 1293 732 1332 nunc
745 1268 839 1332 vestra
857 1274 982 1353 provin·

284 1355 339 1413 'cia
358 1354 398 1414 est
409 1399 419 1428 ,
430 1373 512 1411 vicos
533 1351 646 1413 exustos
659 1349 715 1413 effe
736 1352 921 1432 complures:
935 1374 982 1413 re-

293 1454 386 1516 gnum
407 1433 634 1506 Ariobarzanis,
659 1432 739 1514 quod
763 1430 920 1493 finitimum
942 1421 981 1495 est

293 1512 396 1575 vestris
413 1512 488 1574 redii
510 1514 620 1586 alibus‚
633 1510 797 1574 torumeffe
808 1516 838 1573 in
855 1513 981 1574 hostium

292 1594 437 1679 potestate
458 1615 466 1653 :
489 1534 641 1654 iucuilum
655 1640 666 1667 ‚
682 1596 793 1675 magnis
811 1595 900 1655 rebus
938 1593 981 1655 es·

293 1679 355 1749 tis,
374 1675 410 1733 ab
425 1695 461 1735 eo
476 1675 556 1735 hello
575 1674 720 1735 discedere
741 1696 749 1733 :
769 1675 835 1733 huic
854 1678 905 1757 qui
917 1616 981 1736 iuc-

285 1755 405 1833 ‘cesserit
417 1801 426 1830 ‚
440 1777 501 1816 non
518 1755 582 1815 sans
599 1753 656 1817 effe
670 1771 802 1836 paratum
818 1754 856 1815 ad
870 1774 980 1816 tantum

293 1837 404 1898 bellum
424 1835 677 1896 administrandum
696 1858 703 1895 :
721 1856 811 1895 unum
828 1836 868 1896 ab
884 1840 981 1897 omni·

295 1919 349 1978 bus
366 1915 448 1977 sociis
465 1919 498 1977 ὅ(
517 1918 628 1977 civibus
648 1915 684 1986 ad
705 1915 735 1974 id
755 1915 868 1977 beilum
886 1919 980 1998 impe-

294 2014 424 2058 ratorem
443 1996 581 2080 deposci,
602 2016 689 2078 atque
710 1998 829 2078 expeti:
844 1999 982 2059 eumdem

293 2078 373 2142 hunc
396 2099 485 2140 unum
503 2078 542 2139 ,ab
561 2075 691 2141 hostibus
709 2079 820 2154 metui,
840 2097 982 2162 praeterea

287 2162 453 2224 neminem.

337 2243 366 2305 6.
389 2241 481 2304 Causa
503 2265 566 2324 quae
585 2244 644 2314 sit,
660 2241 783 2303 videtis:
798 2262 897 2317 nunc,
914 2240 982 2324 quid

287 2324 442 2408 ‘agendum
465 2327 521 2398 sit,
549 2321 891 2385 considerare.Primi1m
914 2323 982 2382 mihi

295 2407 411 2467 viderur
433 2406 469 2466 de
490 2412 596 2488 genere
619 2405 710 2477 belii,
729 2402 836 2463 deinde
856 2404 895 2465 de
919 2425 983 2463 rna·

296 2488 470 2570 gnitudine,
489 2506 552 2546 tum
570 2487 606 2546 de
625 2488 803 2565 imperatore
822 2483 982 2577 deligendo

286 2566 353 2631 'esse
368 2569 534 2627 dicendum.
554 2565 658 2628 Genus
668 2564 708 2626 est
720 2561 783 2645 ejus
793 2563 864 2637 belii
877 2611 888 2635 ,
903 2563 984 2646 quod

288 2647 423 2710 'maxime
450 2647 561 2709 vestros
584 2651 698 2707 animos
724 2647 881 2725 exeitare,'
896 2663 984 2729 arque

297 2731 477 2790 inflammare
502 2730 591 2789 debet
612 2749 619 2786 :
643 2730 672 2787 in
691 2725 861 2808 quoagitur
880 2725 986 2808 popuii

297 2808 427 2870 Romani
444 2809 557 2891 gioria,
578 2830 642 2890 quae
658 2809 744 2867 vobis
764 2829 781 2867 a
796 2803 958 2885 majoribus
975 2851 988 2882 ,

298 2909 388 2971 quum
401 2909 506 2969 magna
518 2891 547 2947 in
563 2889 649 2949 rebus
662 2887 817 2960 omnibus,
829 2902 895 2946 turn
907 2887 987 2948 surn-

286 2969 346 3030 'nra
366 2970 395 3027 in
414 2988 445 3028 re
466 2968 579 3029 militari
594 2966 698 3027 tradita
717 2966 782 3028 estI:
797 2968 894 3049 a'gitu'r
913 2967 988 3029 salus

297 3050 440 3111 sociorum
453 3094 463 3123 ,
474 3067 559 3132 atque
572 3051 750 3122 amicorum,
763 3069 817 3130 pro
833 3069 892 3129 qua
909 3049 990 3110 mul·

287 3148 329 3193 'ta
349 3128 476 3210 majores
496 3131 584 3193 vestri
604 3152 710 3211 magna
731 3129 765 3188 &
784 3130 891 3212 gravia
909 3130 991 3192 bella

299 3209 442 3301 gesserunt
459 3233 467 3274 ς
485 3204 607 3298 aguntor·
620 3210 784 3274 'certissima
803 3210 914 3295 populi
926 3210 992 3284 Roe
