2550 4175
322 377 572 448 Acrrours
596 380 644 448 ΙΙ.
668 377 799 448 L.·Ill.
852 398 902 473 93

226 492 359 565 daciam,
400 492 672 574 raedicationemque
691 491 806 552 nefariae
817 491 910 552 socie*

225 577 316 647 tatis,
334 515 400 634 H}
419 593 444 635 v
465 573 553 634 millia
565 573 730 643 mercedis,
748 594 781 632 ac
801 574 912 655 praemii

226 654 308 714 dare.

272 742 338 806 1'412
360 730 443 811 Quid
470 730 618 806 interfuit,
643 732 734 794 homo
760 732 914 792 audacissi-

225 833 276 874 me
290 859 301 885 ,
317 816 413 873 utrum
424 813 482 871 hoc
499 811 670 893 decerneres
686 834 695 885 ;
712 834 747 871 an
765 813 795 871 id
807 856 818 883 ,
830 812 912 893 quod

227 890 377 973 Apronius
390 892 555 966 dislitabat,
571 900 631 954 tute'
651 894 688 954 de
704 908 735 953 te
756 891 912 972 profitere·

228 993 289 1046 re,
311 994 344 1033 ac
372 971 545 1034 dislitaress
573 994 660 1054 quem
687 974 865 1046 hominem,
889 976 914 1032 si

228 1054 293 1133 quis
309 1052 403 1135 pudor
421 1054 451 1111 in
466 1068 518 1126 te,
536 1070 622 1134 atque
637 1054 716 1113 'adeo
731 1057 754 1112 si
769 1054 831 1133 quis
848 1072 913 1113 me·

229 1150 275 1192 tus
288 1130 380 1193 fuisset
390 1176 399 1207 ‚
411 1134 472 1193 sine
482 1131 619 1213 supplicio
634 1134 778 1193 dimittere
788 1155 849 1194 non
861 1133 914 1193 de·

228 1212 312 1273 builli
331 1234 338 1273 t
355 1214 432 1272 hunc
446 1213 497 1271 abs
513 1229 541 1273 te
556 1216 616 1273 sine
627 1215 747 1293 praemio
766 1210 913 1274 discedere

227 1291 355 1356 noluisti.
366 1292 478 1360 Omnia
493 1293 576 1352 simul
590 1293 751 1373 intelligere
765 1290 914 1372 potuistis,

230 1373 347 1434 Judices
362 1392 421 1445 ‚ex
436 1392 495 1437 uno
511 1373 628 1432 crimine
643 1372 843 1434 Scandiliano:
856 1374 915 1451 pri·

230 1456 336 1525 mum,
356 1453 415 1512 hoc
429 1472 491 1511 non
510 1450 566 1511 esse
581 1452 686 1512 Romae
702 1465 800 1511 natum
815 1451 851 1511 de
867 1450 916 1510 so·

231 1537 337 1594 cierate
364 1532 575 1603 decumarum
601 1544 662 1592 non
689 1532 724 1591 ab
753 1530 915 1592 accusatore

232 1613 329 1673 fidium
341 1634 351 1686 ;
364 1634 426 1672 non
446 1611 501 1691 (ut
517 1611 641 1671 solemus
657 1611 801 1672 interdum
812 1614 840 1670 in
861 1611 916 1672 de·

233 1694 412 1755 sensionibus
436 1693 553 1764 dicere)
575 1695 683 1751 crimen
703 1689 915 1767 domesticum,

234 1795 269 1834 ac
287 1771 475 1836 vernaculum
488 1792 498 1845 3
516 1793 577 1832 non
594 1792 631 1832 ex
646 1788 781 1853 tempore
796 1772 916 1852 periculi

234 1856 277 1912 tui
292 1853 475 1916 constitutum
496 1873 503 1911 t
523 1851 573 1912 sed
595 1868 703 1923 vetus,
720 1856 915 1934 excogitatum

234 1932 316 2012 jam,
340 1936 419 1996 &te
436 1948 559 2012 praetore
579 1928 736 2009 jasiatum3
757 1934 788 1995 δι
806 1954 866 1992 non
878 1934 915 1993 ab

235 2016 358 2073 inimicis
369 2012 473 2072 Romae
491 2014 687 2092 compositum
700 2058 709 2085 ‚
722 2012 771 2074 sed
788 2012 916 2073 Romam

237 2094 276 2153 de
295 2095 446 2174 provincia
468 2109 660 2172 exportatum.
686 2092 775 2155 Simul
796 2096 916 2176 intelligi

237 2172 334 2255 potest
350 2173 419 2233 illud
441 2170 517 2232 illius
535 2175 565 2231 in
587 2172 751 2253 Apronium
774 2174 916 2249 studium,

238 2255 365 2334 Apronii
382 2253 418 2314 de
430 2251 483 2312 isto
497 2275 556 2313 non
573 2254 664 2314 modi>
678 2255 843 2328 consessio,
860 2275 915 2315 ve·

227 2337 303 2394 sirm
317 2337 402 2395 etiarn
419 2338 660 2394 commemoratio
681 2355 688 2392 ι
709 2335 816 2395 eodem
832 2355 918 2394 aece-

227 2415 301 2487 .dit‚
315 2415 394 2495 quod
406 2415 463 2473 hoc
472 2434 590 2494 quoque
604 2414 762 2494 intelligere
776 2413 917 2495 potestis,

238 2493 321 2554 istum
339 2492 482 2568 statuisse,
503 2497 533 2552 in
557 2496 707 2574 provincia
729 2493 797 2568 sua,
822 2494 918 2554 existi-

230 2577 372 2643 mationis
398 2574 452 2634 suae
483 2572 621 2652 judicium
652 2591 733 2635 extra
766 2575 916 2635 cohortem

228 2653 317 2725 ,suam
331 2655 572 2714 committendum
583 2653 662 2715 fuisse
678 2656 804 2715 neminis

281 2734 389 2795 LXII.
408 2734 512 2816 Ecquis
532 2734 572 2794 est
593 2734 701 2812 judex,
724 2739 769 2792 cui
795 2756 854 2795 non
874 2734 915 2795 'ab

239 2816 322 2873 initio
345 2815 496 2874 decumani
524 2818 648 2873 criminis
674 2813 833 2892 persuasum
851 2817 917 2886 ¹sit,

239 2893 365 2954 illumin
383 2912 529 2955 aratorum
544 2896 645 2969 bona,
662 2893 844 2976 fortunasque
861 2896 934 2959 itu·-
