2550 4175
372 554 637 624 Acrrours
660 554 843 626 ΜΗ).
881 554 953 648 189

274 664 420 729 audierit?
436 690 523 750 quem
541 670 625 731 voles
644 670 681 731 de
698 690 845 734 conventu
865 670 959 753 Syra-⁶

275 746 448 808 cusanorum
464 753 555 810 virum
574 753 684 810 bonum
702 756 871 812 nominato:
884 774 959 832 pro-

275 826 383 888 ducam
397 851 403 887 :
414 850 503 891 nemo
513 835 566 890 erit
575 877 585 905 ‚
593 834 662 912 quin
674 831 731 892 hoc
747 832 774 892 se
785 853 831 892 aut
842 831 960 910 vidisse,

275 927 326 969 aut
343 908 448 970 audille
460 912 545 971 dicat.

281 1018 285 1026 ·
321 990 368 1068 56.
382 989 412 1050 O
423 1008 578 1072 tempora,
594 990 742 1052 timores!
756 992 824 1051 nihil
840 993 959 1052 nimiirm

274 1085 361 1133 vetus
380 1071 537 1150 proferam.
559 1071 631 1132 Sunt
653 1071 798 1146 vestrlm,
819 1071 959 1146 ludices,

276 1149 363 1231 quarn
374 1152 455 1211 multi
465 1197 474 1224 ‚
484 1157 533 1234 qui
550 1153 582 1212 L.
594 1151 727 1213 Pisonem
738 1169 961 1235 cognoverunt,

275 1229 361 1309 hujus
372 1231 405 1290 L.
418 1231 524 1293 Pisonis
536 1280 545 1305 ‚
559 1237 608 1312 qui
622 1254 728 1314 praetot
740 1234 792 1293 fuit
803 1279 813 1304 ,
825 1250 937 1314 patrem
950 1253 958 1292 :

276 1311 404 1393 isquam
421 1312 489 1373 esset
506 1315 535 1374 in
553 1314 689 1394 Hispania
731 1332 840 1388 taetot‚
857 1316 964 1395 quain

275 1395 428 1472 provincia
447 1394 553 1454 occisus
573 1392 638 1466 est,
660 1337 754 1455 nesdio
774 1416 833 1475 quo
853 1393 969 1474 paclo‘3'

277 1472 349 1531 dum
371 1476 455 1531 armis
481 1491 652 1547 exercetur,
683 1475 802 1535 annulus
828 1495 929 1533 aureus
949 1517 962 1546 ,
1018 1480 1022 1485 ’

276 1571 367 1633 quem
385 1552 509 1613 habebat
521 1599 531 1625 ,
545 1554 649 1614 statius
667 1555 729 1626 est,
747 1556 779 1614 &
796 1556 961 1613 comminu-

276 1648 349 1692 tus:
372 1652 461 1712 quum
483 1635 572 1694 vellet
598 1635 652 1692 sibi
680 1634 815 1692 annulum
842 1632 961 1705 facere,

277 1711 424 1772 aurificem
441 1710 523 1791 jussit
540 1717 641 1774 vocati
658 1716 687 1772 in
709 1713 830 1785 sorum,
850 1713 887 1772 ad
906 1711 963 1773 sel·

276 1793 359 1866 lam,
379 1790 544 1866 Cordubae,
561 1795 632 1854 &ei
647 1795 740 1875 palam
756 1794 895 1883 appendit
911 1815 963 1853 au·

277 1894 344 1933 rum
358 1894 364 1930 :
382 1874 531 1934 hominem
542 1878 570 1934 in
584 1874 650 1935 foro
666 1873 764 1935 sellam
776 1875 855 1951 jubet
866 1894 962 1954 pone·

277 1974 311 2014 re
325 1999 335 2025 ,
356 1954 387 2012 &
402 1953 498 2014 facere
511 1956 668 2029 annulum,
686 1957 821 2016 omnibus
835 1954 962 2035 ptaesen-
1053 2008 1054 2012 ,

277 2035 365 2095 tibus.
384 2033 512 2095 Nimium
534 2035 649 2097 sortasse
672 2037 747 2097 dicet
766 2038 865 2117 aliquis
884 2037 962 2097 hunc

278 2116 448 2197 diligentem
463 2136 470 2172 :
487 2116 621 2175 hedenus
636 2118 847 2195 reprehendat,
864 2118 886 2173 si
899 2118 962 2194 quis

276 2194 389 2258 volet:
409 2196 477 2253 nihil
491 2197 612 2273 amplius
632 2215 639 2253 ε
660 2199 762 2255 verum
782 2195 873 2253 fuitei
887 2215 965 2253 con-

278 2273 473 2337 cedendum:
496 2274 568 2333 filius
592 2276 669 2334 enim
693 2275 725 2333 L.
746 2274 853 2333 Pisonis
875 2291 962 2346 erat,

278 2355 367 2434 ejus,
386 2357 435 2437 qui
455 2356 563 2434 primus
585 2355 623 2415 de
642 2356 770 2436 pecuniis
792 2353 961 2435 repetundis

277 2438 383 2519 legem·
393 2436 457 2495 tulit

308 2536 373 2597 57.
394 2514 556 2576 Ridiculum
575 2514 616 2576 est
643 2536 718 2575 nunc
743 2515 780 2575 de
799 2514 894 2576 Verre
913 2534 962 2578 me

280 2597 401 2671 dicere,
420 2617 509 2678 quum
534 2597 571 2657 de
598 2596 699 2656 Pisone
725 2596 811 2679 Frugi
831 2597 962 2657 dixerim.

279 2678 517 2749 Verumtamen,
533 2695 671 2758 quantum
688 2679 818 2749 intersit,
835 2677 934 2737 videte
952 2698 963 2737 .·

278 2756 332 2820 isle
350 2779 436 2840 quum
460 2760 569 2839 aliquot
591 2759 746 2818 abacorum
765 2756 874 2817 faceret
895 2756 963 2818 vasa

280 2858 389 2911 autea,
406 2861 464 2899 non
482 2840 625 2899 laboravit
641 2884 650 2911 ‚
666 2839 735 2920 quid
753 2858 813 2899 non
829 2838 921 2898 modo
932 2840 963 2896 in

280 2918 375 2981 Sicilia
386 2964 396 2991 ‚
407 2924 509 2980 veriam
524 2923 611 2980 etiam
627 2919 731 2978 Romae
748 2920 776 2977 in
793 2916 901 2995 judicio
915 2939 964 2978 au·

281 3000 358 3059 diret
366 3021 372 3055 :
381 2999 429 3058 ille
437 3003 465 3057 in
474 3003 533 3059 auti
540 2999 682 3059 semuncia
691 3016 782 3057 totam
795 2997 963 3077 Hispaniam

280 3078 354 3144 scire
368 3077 481 3167 voluit,
496 3080 572 3141 uude
591 3081 708 3166 praetori
721 3076 840 3143 annulus
856 3076 961 3142 lieret:
