<?xml version="1.0" encoding="UTF-8"?>
<!DOCTYPE html PUBLIC "-//W3C//DTD XHTML 1.0 Transitional//EN"
    "http://www.w3.org/TR/xhtml1/DTD/xhtml1-transitional.dtd">
<html xmlns="http://www.w3.org/1999/xhtml" xml:lang="en" lang="en">
 <head>
  <title>
</title>
<meta http-equiv="Content-Type" content="text/html;charset=utf-8" />
  <meta name='ocr-system' content='tesseract 3.04.00' />
  <meta name='ocr-capabilities' content='ocr_page ocr_carea ocr_par ocr_line ocrx_word'/>
</head>
<body>
  <div class='ocr_page' id='page_1' title='image "./mtulliiciceroni05lallgoog_0490.png"; bbox 0 0 2550 4175; ppageno 0'>
   <div class='ocr_carea' id='block_1_1' title="bbox 266 322 717 414">
    <p class='ocr_par' dir='ltr' id='par_1_1' title="bbox 266 322 717 414">
     <span class='ocr_line' id='line_1_1' title="bbox 266 322 717 414; baseline 0.007 -25"><span class='ocrx_word' id='word_1_1' title='bbox 266 331 347 414; x_wconf 75' lang='lat'>&#39;494</span> <span class='ocrx_word' id='word_1_2' title='bbox 494 322 717 392; x_wconf 77' lang='lat' dir='ltr'>ortArro</span> 
     </span>
    </p>
   </div>
   <div class='ocr_carea' id='block_1_2' title="bbox 219 432 981 2935">
    <p class='ocr_par' dir='ltr' id='par_1_2' title="bbox 219 432 981 2935">
     <span class='ocr_line' id='line_1_2' title="bbox 263 432 952 498; baseline 0.001 -1"><span class='ocrx_word' id='word_1_3' title='bbox 263 436 329 497; x_wconf 74' lang='lat' dir='ltr'>satis</span> <span class='ocrx_word' id='word_1_4' title='bbox 352 434 474 497; x_wconf 85' lang='lat' dir='ltr'>clausam</span> <span class='ocrx_word' id='word_1_5' title='bbox 499 458 535 496; x_wconf 88' lang='lat' dir='ltr'>ac</span> <span class='ocrx_word' id='word_1_6' title='bbox 558 438 701 495; x_wconf 80' lang='lat' dir='ltr'>munitam</span> <span class='ocrx_word' id='word_1_7' title='bbox 718 432 827 497; x_wconf 80' lang='lat' dir='ltr'>fuill&#39;e?</span> <span class='ocrx_word' id='word_1_8' title='bbox 850 434 952 498; x_wconf 73' lang='lat' dir='ltr'>Urlteu</span> 
     </span>
     <span class='ocr_line' id='line_1_3' title="bbox 263 515 951 598; baseline 0.001 -21"><span class='ocrx_word' id='word_1_9' title='bbox 263 515 325 597; x_wconf 78' lang='lat' dir='ltr'>jam</span> <span class='ocrx_word' id='word_1_10' title='bbox 346 518 508 598; x_wconf 82' lang='lat' dir='ltr'>locupletes</span> <span class='ocrx_word' id='word_1_11' title='bbox 536 537 569 576; x_wconf 85' lang='lat' dir='ltr'>ac</span> <span class='ocrx_word' id='word_1_12' title='bbox 596 517 722 597; x_wconf 78' lang='lat' dir='ltr'>copiosa</span> <span class='ocrx_word' id='word_1_13' title='bbox 745 520 929 597; x_wconf 87' lang='lat' dir='ltr'>requiruntur</span> <span class='ocrx_word' id='word_1_14' title='bbox 936 547 951 591; x_wconf 84' lang='lat'>,-</span> 
     </span>
     <span class='ocr_line' id='line_1_4' title="bbox 286 597 953 681; baseline -0.004 -25"><span class='ocrx_word' id='word_1_15' title='bbox 286 600 368 657; x_wconf 87' lang='lat' dir='ltr'>uibus</span> <span class='ocrx_word' id='word_1_16' title='bbox 381 597 460 658; x_wconf 86' lang='lat' dir='ltr'>causa</span> <span class='ocrx_word' id='word_1_17' title='bbox 475 598 545 657; x_wconf 87' lang='lat' dir='ltr'>belli</span> <span class='ocrx_word' id='word_1_18' title='bbox 560 619 681 680; x_wconf 82' lang='lat' dir='ltr'>propter</span> <span class='ocrx_word' id='word_1_19' title='bbox 697 598 852 679; x_wconf 75' lang='lat' dir='ltr'>diripiendi</span> <span class='ocrx_word' id='word_1_20' title='bbox 866 602 953 681; x_wconf 79' lang='lat' dir='ltr'>cupi-r</span> 
     </span>
     <span class='ocr_line' id='line_1_5' title="bbox 287 678 981 739; baseline 0.004 -1"><span class='ocrx_word' id='word_1_21' title='bbox 287 681 386 739; x_wconf 87' lang='lat' dir='ltr'>&#39;tatem</span> <span class='ocrx_word' id='word_1_22' title='bbox 398 678 549 739; x_wconf 82' lang='lat' dir='ltr'>inferatur.</span> <span class='ocrx_word' id='word_1_23' title='bbox 737 681 740 686; x_wconf 84' lang='grc'><strong>’</strong></span> <span class='ocrx_word' id='word_1_24' title='bbox 978 728 981 731; x_wconf 54' lang='grc'><strong><em>«</em></strong></span> 
     </span>
     <span class='ocr_line' id='line_1_6' title="bbox 307 755 952 838; baseline 0.002 -19"><span class='ocrx_word' id='word_1_25' title='bbox 307 759 358 820; x_wconf 86' lang='grc'>66.</span> <span class='ocrx_word' id='word_1_26' title='bbox 379 759 518 820; x_wconf 81' lang='lat' dir='ltr'>Libenter</span> <span class='ocrx_word' id='word_1_27' title='bbox 538 755 722 817; x_wconf 67' lang='lat' dir='ltr'>haec‘corirm</span> <span class='ocrx_word' id='word_1_28' title='bbox 744 779 814 817; x_wconf 88' lang='lat' dir='ltr'>cum</span> <span class='ocrx_word' id='word_1_29' title='bbox 830 758 874 838; x_wconf 87' lang='lat' dir='ltr'>Q.</span> <span class='ocrx_word' id='word_1_30' title='bbox 891 756 952 820; x_wconf 71' lang='lat' dir='ltr'>Cad</span> 
     </span>
     <span class='ocr_line' id='line_1_7' title="bbox 263 838 953 921; baseline 0.003 -22"><span class='ocrx_word' id='word_1_31' title='bbox 263 839 326 900; x_wconf 85' lang='lat' dir='ltr'>tulo</span> <span class='ocrx_word' id='word_1_32' title='bbox 338 885 347 913; x_wconf 88' lang='lat'>‚</span> <span class='ocrx_word' id='word_1_33' title='bbox 360 841 391 900; x_wconf 90' lang='lat'>&amp;</span> <span class='ocrx_word' id='word_1_34' title='bbox 402 841 443 921; x_wconf 88' lang='lat' dir='ltr'>Q.</span> <span class='ocrx_word' id='word_1_35' title='bbox 454 840 614 900; x_wconf 86' lang='lat' dir='ltr'>Hortensio</span> <span class='ocrx_word' id='word_1_36' title='bbox 627 838 801 920; x_wconf 80' lang='lat' dir='ltr'>disputarem</span> <span class='ocrx_word' id='word_1_37' title='bbox 811 884 823 910; x_wconf 89' lang='lat'><em>‚</em></span> <span class='ocrx_word' id='word_1_38' title='bbox 833 842 953 901; x_wconf 79' lang='lat' dir='ltr'>luminis</span> 
     </span>
     <span class='ocr_line' id='line_1_8' title="bbox 266 920 952 982; baseline 0.004 -3"><span class='ocrx_word' id='word_1_39' title='bbox 266 921 300 979; x_wconf 90' lang='lat'>&amp;</span> <span class='ocrx_word' id='word_1_40' title='bbox 316 922 476 981; x_wconf 85' lang='lat' dir='ltr'>clarissimis</span> <span class='ocrx_word' id='word_1_41' title='bbox 485 924 572 979; x_wconf 86' lang='lat' dir='ltr'>viris:</span> <span class='ocrx_word' id='word_1_42' title='bbox 591 937 739 979; x_wconf 88' lang='lat' dir='ltr'>noverunt</span> <span class='ocrx_word' id='word_1_43' title='bbox 758 923 837 979; x_wconf 85' lang='lat' dir='ltr'>euim</span> <span class='ocrx_word' id='word_1_44' title='bbox 854 920 952 982; x_wconf 72' lang='lat' dir='ltr'>socio-⁴</span> 
     </span>
     <span class='ocr_line' id='line_1_9' title="bbox 264 1000 950 1062; baseline 0.004 -3"><span class='ocrx_word' id='word_1_45' title='bbox 264 1021 328 1060; x_wconf 81' lang='lat' dir='ltr'>tum</span> <span class='ocrx_word' id='word_1_46' title='bbox 348 1002 467 1061; x_wconf 82' lang='lat' dir='ltr'>vulnera</span> <span class='ocrx_word' id='word_1_47' title='bbox 484 1022 492 1059; x_wconf 75' lang='grc' dir='ltr'><em>τ</em></span> <span class='ocrx_word' id='word_1_48' title='bbox 510 1000 613 1060; x_wconf 74' lang='lat' dir='ltr'>vident</span> <span class='ocrx_word' id='word_1_49' title='bbox 627 1020 733 1059; x_wconf 86' lang='lat' dir='ltr'>eorum</span> <span class='ocrx_word' id='word_1_50' title='bbox 749 1002 950 1062; x_wconf 73' lang='lat' dir='ltr'>calamitates:</span> 
     </span>
     <span class='ocr_line' id='line_1_10' title="bbox 263 1079 951 1161; baseline 0.004 -23"><span class='ocrx_word' id='word_1_51' title='bbox 263 1084 459 1161; x_wconf 80' lang='lat' dir='ltr'>querimonias</span> <span class='ocrx_word' id='word_1_52' title='bbox 476 1082 605 1139; x_wconf 82' lang='lat' dir='ltr'>audiunt.</span> <span class='ocrx_word' id='word_1_53' title='bbox 626 1079 683 1139; x_wconf 88' lang='lat' dir='ltr'>Pro</span> <span class='ocrx_word' id='word_1_54' title='bbox 697 1079 782 1139; x_wconf 81' lang='lat' dir='ltr'>sociis</span> <span class='ocrx_word' id='word_1_55' title='bbox 799 1103 857 1141; x_wconf 82' lang='lat' dir='ltr'>vos</span> <span class='ocrx_word' id='word_1_56' title='bbox 877 1103 951 1143; x_wconf 69' lang='lat' dir='ltr'>com</span> 
     </span>
     <span class='ocr_line' id='line_1_11' title="bbox 262 1160 951 1237; baseline 0.006 -18"><span class='ocrx_word' id='word_1_57' title='bbox 262 1176 308 1219; x_wconf 84' lang='lat' dir='ltr'>rra</span> <span class='ocrx_word' id='word_1_58' title='bbox 325 1160 421 1222; x_wconf 82' lang='lat' dir='ltr'>hostes</span> <span class='ocrx_word' id='word_1_59' title='bbox 440 1163 600 1222; x_wconf 63' lang='lat' dir='ltr'>exmcitum</span> <span class='ocrx_word' id='word_1_60' title='bbox 621 1163 734 1221; x_wconf 83' lang='lat' dir='ltr'>mittere</span> <span class='ocrx_word' id='word_1_61' title='bbox 799 1165 890 1237; x_wconf 83' lang='lat' dir='ltr'>tatis,</span> <span class='ocrx_word' id='word_1_62' title='bbox 911 1183 951 1223; x_wconf 86' lang='lat' dir='ltr'>an</span> 
     </span>
     <span class='ocr_line' id='line_1_12' title="bbox 263 1183 950 1324; baseline 0.004 -22"><span class='ocrx_word' id='word_1_63' title='bbox 263 1239 389 1303; x_wconf 71' lang='lat' dir='ltr'>lucilium</span> <span class='ocrx_word' id='word_1_64' title='bbox 405 1243 613 1312; x_wconf 76' lang='lat' dir='ltr'>simulatione,</span> <span class='ocrx_word' id='word_1_65' title='bbox 630 1260 733 1301; x_wconf 87' lang='lat' dir='ltr'>contra</span> <span class='ocrx_word' id='word_1_66' title='bbox 748 1183 846 1302; x_wconf 60' lang='lat' dir='ltr'>iiiios</span> <span class='ocrx_word' id='word_1_67' title='bbox 864 1262 950 1324; x_wconf 85' lang='lat' dir='ltr'>atque</span> 
     </span>
     <span class='ocr_line' id='line_1_13' title="bbox 264 1320 951 1405; baseline 0.004 -24"><span class='ocrx_word' id='word_1_68' title='bbox 264 1326 375 1383; x_wconf 83' lang='lat' dir='ltr'>anticos</span> <span class='ocrx_word' id='word_1_69' title='bbox 391 1321 405 1380; x_wconf 78' lang='grc' dir='ltr'>ἒ.</span> <span class='ocrx_word' id='word_1_70' title='bbox 423 1323 500 1402; x_wconf 83' lang='lat' dir='ltr'>Quae</span> <span class='ocrx_word' id='word_1_71' title='bbox 529 1325 629 1381; x_wconf 86' lang='lat' dir='ltr'>civitas</span> <span class='ocrx_word' id='word_1_72' title='bbox 650 1320 690 1382; x_wconf 89' lang='lat' dir='ltr'>est</span> <span class='ocrx_word' id='word_1_73' title='bbox 712 1325 743 1381; x_wconf 87' lang='lat' dir='ltr'>in</span> <span class='ocrx_word' id='word_1_74' title='bbox 764 1323 861 1395; x_wconf 77' lang='lat' dir='ltr'>Asia,</span> <span class='ocrx_word' id='word_1_75' title='bbox 887 1344 951 1405; x_wconf 71' lang='lat' dir='ltr'>qua</span> 
     </span>
     <span class='ocr_line' id='line_1_14' title="bbox 264 1403 951 1485; baseline 0.001 -23"><span class='ocrx_word' id='word_1_76' title='bbox 264 1423 326 1462; x_wconf 82' lang='lat' dir='ltr'>non</span> <span class='ocrx_word' id='word_1_77' title='bbox 354 1404 445 1464; x_wconf 76' lang='lat' dir='ltr'>modi&gt;</span> <span class='ocrx_word' id='word_1_78' title='bbox 470 1406 679 1484; x_wconf 80' lang='lat' dir='ltr'>imperatoris,</span> <span class='ocrx_word' id='word_1_79' title='bbox 702 1419 751 1462; x_wconf 92' lang='lat' dir='ltr'>aut</span> <span class='ocrx_word' id='word_1_80' title='bbox 769 1403 858 1485; x_wconf 80' lang='lat' dir='ltr'>legati</span> <span class='ocrx_word' id='word_1_81' title='bbox 873 1450 883 1478; x_wconf 90' lang='lat'>,</span> <span class='ocrx_word' id='word_1_82' title='bbox 901 1404 951 1465; x_wconf 85' lang='lat' dir='ltr'>secl</span> 
     </span>
     <span class='ocr_line' id='line_1_15' title="bbox 264 1484 949 1565; baseline 0.003 -22"><span class='ocrx_word' id='word_1_83' title='bbox 264 1487 348 1544; x_wconf 86' lang='lat' dir='ltr'>unius</span> <span class='ocrx_word' id='word_1_84' title='bbox 372 1486 478 1543; x_wconf 88' lang='lat' dir='ltr'>tribuni</span> <span class='ocrx_word' id='word_1_85' title='bbox 499 1485 622 1543; x_wconf 86' lang='lat' dir='ltr'>militum</span> <span class='ocrx_word' id='word_1_86' title='bbox 641 1486 755 1543; x_wconf 81' lang='lat' dir='ltr'>animos</span> <span class='ocrx_word' id='word_1_87' title='bbox 780 1506 814 1544; x_wconf 88' lang='lat' dir='ltr'>ac</span> <span class='ocrx_word' id='word_1_88' title='bbox 838 1484 949 1565; x_wconf 86' lang='lat' dir='ltr'>spiritus</span> 
     </span>
     <span class='ocr_line' id='line_1_16' title="bbox 263 1563 505 1644; baseline -0.004 -20"><span class='ocrx_word' id='word_1_89' title='bbox 263 1584 371 1644; x_wconf 78' lang='lat' dir='ltr'>capere</span> <span class='ocrx_word' id='word_1_90' title='bbox 389 1567 482 1644; x_wconf 89' lang='lat' dir='ltr'>possit</span> <span class='ocrx_word' id='word_1_91' title='bbox 494 1563 505 1623; x_wconf 74' lang='lat' dir='ltr'>i</span> 
     </span>
     <span class='ocr_line' id='line_1_17' title="bbox 219 1642 949 1724; baseline 0.004 -22"><span class='ocrx_word' id='word_1_92' title='bbox 219 1652 224 1663; x_wconf 91' lang='lat'>&#39;</span> <span class='ocrx_word' id='word_1_93' title='bbox 306 1642 949 1724; x_wconf 70' lang='lat' dir='ltr'>XXlll.Quare,etiamsiquemluabetis‚</span> 
     </span>
     <span class='ocr_line' id='line_1_18' title="bbox 264 1723 952 1806; baseline 0.006 -25"><span class='ocrx_word' id='word_1_94' title='bbox 264 1726 316 1805; x_wconf 78' lang='lat' dir='ltr'>qui</span> <span class='ocrx_word' id='word_1_95' title='bbox 326 1724 438 1783; x_wconf 84' lang='lat' dir='ltr'>collatis</span> <span class='ocrx_word' id='word_1_96' title='bbox 447 1723 551 1805; x_wconf 78' lang='lat' dir='ltr'>signis,</span> <span class='ocrx_word' id='word_1_97' title='bbox 562 1726 808 1806; x_wconf 79' lang='lat' dir='ltr'>exercitusregios</span> <span class='ocrx_word' id='word_1_98' title='bbox 816 1724 952 1805; x_wconf 83' lang='lat' dir='ltr'>superare</span> 
     </span>
     <span class='ocr_line' id='line_1_19' title="bbox 265 1802 951 1886; baseline 0.006 -23"><span class='ocrx_word' id='word_1_99' title='bbox 265 1802 348 1886; x_wconf 83' lang='lat' dir='ltr'>polle</span> <span class='ocrx_word' id='word_1_100' title='bbox 369 1804 501 1864; x_wconf 85' lang='lat' dir='ltr'>videatur</span> <span class='ocrx_word' id='word_1_101' title='bbox 520 1824 526 1862; x_wconf 92' lang='lat'><strong>:</strong></span> <span class='ocrx_word' id='word_1_102' title='bbox 546 1821 646 1864; x_wconf 86' lang='lat' dir='ltr'>tamen</span> <span class='ocrx_word' id='word_1_103' title='bbox 661 1836 683 1877; x_wconf 91' lang='lat'>‚·</span> <span class='ocrx_word' id='word_1_104' title='bbox 698 1807 752 1864; x_wconf 89' lang='lat' dir='ltr'>nisi</span> <span class='ocrx_word' id='word_1_105' title='bbox 775 1808 830 1866; x_wconf 82' lang='lat' dir='ltr'>crit</span> <span class='ocrx_word' id='word_1_106' title='bbox 848 1807 951 1880; x_wconf 85' lang='lat' dir='ltr'>idern,</span> 
     </span>
     <span class='ocr_line' id='line_1_20' title="bbox 264 1882 952 1966; baseline 0.004 -22"><span class='ocrx_word' id='word_1_107' title='bbox 264 1883 354 1966; x_wconf 81' lang='lat' dir='ltr'>quise</span> <span class='ocrx_word' id='word_1_108' title='bbox 370 1888 525 1965; x_wconf 84' lang='lat' dir='ltr'>apecuuiis</span> <span class='ocrx_word' id='word_1_109' title='bbox 538 1882 704 1958; x_wconf 84' lang='lat' dir='ltr'>sociorum,</span> <span class='ocrx_word' id='word_1_110' title='bbox 726 1887 775 1966; x_wconf 89' lang='lat' dir='ltr'>qui</span> <span class='ocrx_word' id='word_1_111' title='bbox 789 1887 827 1945; x_wconf 80' lang='lat' dir='ltr'>al)</span> <span class='ocrx_word' id='word_1_112' title='bbox 847 1906 952 1948; x_wconf 83' lang='lat' dir='ltr'>eurum</span> 
     </span>
     <span class='ocr_line' id='line_1_21' title="bbox 265 1963 954 2048; baseline 0.004 -24"><span class='ocrx_word' id='word_1_113' title='bbox 265 1963 443 2048; x_wconf 77' lang='lat' dir='ltr'>conjugibus.</span> <span class='ocrx_word' id='word_1_114' title='bbox 458 1988 491 2025; x_wconf 86' lang='lat' dir='ltr'>ac</span> <span class='ocrx_word' id='word_1_115' title='bbox 508 1967 626 2038; x_wconf 88' lang='lat' dir='ltr'>liberis,</span> <span class='ocrx_word' id='word_1_116' title='bbox 647 1968 698 2048; x_wconf 87' lang='lat' dir='ltr'>qui</span> <span class='ocrx_word' id='word_1_117' title='bbox 714 1968 751 2026; x_wconf 88' lang='lat' dir='ltr'>ab</span> <span class='ocrx_word' id='word_1_118' title='bbox 772 1969 954 2027; x_wconf 74' lang='lat' dir='ltr'>ornamentis</span> 
     </span>
     <span class='ocr_line' id='line_1_22' title="bbox 264 2044 953 2129; baseline 0.001 -22"><span class='ocrx_word' id='word_1_119' title='bbox 264 2044 398 2107; x_wconf 80' lang='lat' dir='ltr'>fanorum</span> <span class='ocrx_word' id='word_1_120' title='bbox 415 2065 502 2129; x_wconf 90' lang='lat' dir='ltr'>atque</span> <span class='ocrx_word' id='word_1_121' title='bbox 527 2047 727 2128; x_wconf 85' lang='lat' dir='ltr'>oppidorum,</span> <span class='ocrx_word' id='word_1_122' title='bbox 747 2050 797 2129; x_wconf 79' lang='lat' dir='ltr'>qui</span> <span class='ocrx_word' id='word_1_123' title='bbox 817 2050 855 2108; x_wconf 83' lang='lat' dir='ltr'>ab</span> <span class='ocrx_word' id='word_1_124' title='bbox 880 2069 953 2108; x_wconf 88' lang='lat' dir='ltr'>auro</span> 
     </span>
     <span class='ocr_line' id='line_1_23' title="bbox 264 2130 951 2213; baseline 0.003 -26"><span class='ocrx_word' id='word_1_125' title='bbox 264 2147 391 2213; x_wconf 66' lang='lat' dir='ltr'>gazaque</span> <span class='ocrx_word' id='word_1_126' title='bbox 412 2132 515 2211; x_wconf 83' lang='lat' dir='ltr'>regia,</span> <span class='ocrx_word' id='word_1_127' title='bbox 536 2150 660 2203; x_wconf 86' lang='lat' dir='ltr'>manus,</span> <span class='ocrx_word' id='word_1_128' title='bbox 679 2130 803 2202; x_wconf 85' lang='lat' dir='ltr'>oculos,</span> <span class='ocrx_word' id='word_1_129' title='bbox 821 2133 951 2189; x_wconf 85' lang='lat' dir='ltr'>animum</span> 
     </span>
     <span class='ocr_line' id='line_1_24' title="bbox 264 2210 955 2294; baseline 0.004 -27"><span class='ocrx_word' id='word_1_130' title='bbox 264 2210 402 2270; x_wconf 86' lang='lat' dir='ltr'>cohibete</span> <span class='ocrx_word' id='word_1_131' title='bbox 424 2212 539 2290; x_wconf 82' lang='lat' dir='ltr'>possit3</span> <span class='ocrx_word' id='word_1_132' title='bbox 566 2231 628 2269; x_wconf 83' lang='lat' dir='ltr'>non</span> <span class='ocrx_word' id='word_1_133' title='bbox 650 2212 704 2270; x_wconf 85' lang='lat' dir='ltr'>erit</span> <span class='ocrx_word' id='word_1_134' title='bbox 723 2211 875 2285; x_wconf 83' lang='lat' dir='ltr'>idoneus,</span> <span class='ocrx_word' id='word_1_135' title='bbox 901 2212 955 2294; x_wconf 87' lang='lat' dir='ltr'>qui</span> 
     </span>
     <span class='ocr_line' id='line_1_25' title="bbox 264 2289 953 2372; baseline 0.006 -24"><span class='ocrx_word' id='word_1_136' title='bbox 264 2289 303 2348; x_wconf 88' lang='lat' dir='ltr'>ad</span> <span class='ocrx_word' id='word_1_137' title='bbox 327 2290 438 2351; x_wconf 85' lang='lat' dir='ltr'>bellum</span> <span class='ocrx_word' id='word_1_138' title='bbox 466 2289 653 2365; x_wconf 86' lang='lat' dir='ltr'>Asiaticum,</span> <span class='ocrx_word' id='word_1_139' title='bbox 683 2293 857 2372; x_wconf 83' lang='lat' dir='ltr'>regiumque</span> <span class='ocrx_word' id='word_1_140' title='bbox 882 2295 953 2352; x_wconf 88' lang='lat' dir='ltr'>mir·</span> 
     </span>
     <span class='ocr_line' id='line_1_26' title="bbox 262 2383 564 2428; baseline -0.017 0"><span class='ocrx_word' id='word_1_141' title='bbox 262 2383 348 2428; x_wconf 70' lang='lat' dir='ltr'>titur.</span> <span class='ocrx_word' id='word_1_142' title='bbox 562 2420 564 2423; x_wconf 81' lang='grc'>,</span> 
     </span>
     <span class='ocr_line' id='line_1_27' title="bbox 272 2447 955 2531; baseline 0.01 -26"><span class='ocrx_word' id='word_1_143' title='bbox 272 2498 275 2503; x_wconf 89' lang='grc'><em>.</em></span> <span class='ocrx_word' id='word_1_144' title='bbox 305 2450 355 2523; x_wconf 88' lang='lat'>67.</span> <span class='ocrx_word' id='word_1_145' title='bbox 373 2447 504 2530; x_wconf 79' lang='lat' dir='ltr'>Ecquam</span> <span class='ocrx_word' id='word_1_146' title='bbox 523 2452 629 2528; x_wconf 84' lang='lat' dir='ltr'>puratis</span> <span class='ocrx_word' id='word_1_147' title='bbox 649 2450 796 2511; x_wconf 79' lang='lat' dir='ltr'>civitatem</span> <span class='ocrx_word' id='word_1_148' title='bbox 815 2469 955 2531; x_wconf 79' lang='lat' dir='ltr'>pacatam</span> 
     </span>
     <span class='ocr_line' id='line_1_28' title="bbox 262 2523 954 2612; baseline 0.012 -26"><span class='ocrx_word' id='word_1_149' title='bbox 262 2523 343 2587; x_wconf 68' lang='lat' dir='ltr'>fitille</span> <span class='ocrx_word' id='word_1_150' title='bbox 358 2572 367 2601; x_wconf 91' lang='lat'>‚</span> <span class='ocrx_word' id='word_1_151' title='bbox 388 2550 451 2607; x_wconf 82' lang='lat' dir='ltr'>quae</span> <span class='ocrx_word' id='word_1_152' title='bbox 468 2528 598 2608; x_wconf 84' lang='lat' dir='ltr'>locuples</span> <span class='ocrx_word' id='word_1_153' title='bbox 613 2531 671 2588; x_wconf 78' lang='lat' dir='ltr'>sit?</span> <span class='ocrx_word' id='word_1_154' title='bbox 690 2552 814 2612; x_wconf 84' lang='lat' dir='ltr'>ecquam</span> <span class='ocrx_word' id='word_1_155' title='bbox 829 2534 888 2592; x_wconf 82' lang='lat' dir='ltr'>elle</span> <span class='ocrx_word' id='word_1_156' title='bbox 902 2535 954 2594; x_wconf 74' lang='lat' dir='ltr'>lo·</span> 
     </span>
     <span class='ocr_line' id='line_1_29' title="bbox 263 2608 956 2688; baseline 0.013 -22"><span class='ocrx_word' id='word_1_157' title='bbox 263 2609 433 2688; x_wconf 85' lang='lat' dir='ltr'>cupletetu‚</span> <span class='ocrx_word' id='word_1_158' title='bbox 451 2628 515 2688; x_wconf 78' lang='lat' dir='ltr'>quae</span> <span class='ocrx_word' id='word_1_159' title='bbox 531 2608 587 2667; x_wconf 82' lang='lat' dir='ltr'>istis</span> <span class='ocrx_word' id='word_1_160' title='bbox 602 2628 706 2688; x_wconf 80' lang='lat' dir='ltr'>pacata</span> <span class='ocrx_word' id='word_1_161' title='bbox 723 2611 779 2673; x_wconf 86' lang='lat' dir='ltr'>elle</span> <span class='ocrx_word' id='word_1_162' title='bbox 791 2612 956 2675; x_wconf 77' lang='lat' dir='ltr'>videatur?</span> 
     </span>
     <span class='ocr_line' id='line_1_30' title="bbox 266 2685 956 2774; baseline 0.01 -26"><span class='ocrx_word' id='word_1_163' title='bbox 266 2685 504 2763; x_wconf 70' lang='lat' dir='ltr'>Ommatium,</span> <span class='ocrx_word' id='word_1_164' title='bbox 524 2689 679 2769; x_wconf 81' lang='lat' dir='ltr'>Quirites,</span> <span class='ocrx_word' id='word_1_165' title='bbox 701 2691 764 2752; x_wconf 66' lang='lat' dir='ltr'>Cn.</span> <span class='ocrx_word' id='word_1_166' title='bbox 773 2692 956 2774; x_wconf 87' lang='lat' dir='ltr'>Pompeium</span> 
     </span>
     <span class='ocr_line' id='line_1_31' title="bbox 264 2769 957 2855; baseline 0.01 -27"><span class='ocrx_word' id='word_1_167' title='bbox 264 2790 328 2829; x_wconf 87' lang='lat' dir='ltr'>nou</span> <span class='ocrx_word' id='word_1_168' title='bbox 344 2769 435 2837; x_wconf 70' lang='lat' dir='ltr'>sellim</span> <span class='ocrx_word' id='word_1_169' title='bbox 456 2790 578 2852; x_wconf 85' lang='lat' dir='ltr'>propter</span> <span class='ocrx_word' id='word_1_170' title='bbox 597 2774 643 2832; x_wconf 80' lang='lat' dir='ltr'>rei</span> <span class='ocrx_word' id='word_1_171' title='bbox 656 2774 782 2834; x_wconf 85' lang='lat' dir='ltr'>militaris</span> <span class='ocrx_word' id='word_1_172' title='bbox 803 2774 957 2855; x_wconf 48' lang='lat' dir='ltr'>gloriante</span> 
     </span>
     <span class='ocr_line' id='line_1_32' title="bbox 263 2848 960 2935; baseline 0.01 -23"><span class='ocrx_word' id='word_1_173' title='bbox 263 2848 315 2914; x_wconf 78' lang='lat' dir='ltr'>sed</span> <span class='ocrx_word' id='word_1_174' title='bbox 331 2853 419 2915; x_wconf 84' lang='lat' dir='ltr'>etiam</span> <span class='ocrx_word' id='word_1_175' title='bbox 432 2869 554 2935; x_wconf 80' lang='lat' dir='ltr'>propter</span> <span class='ocrx_word' id='word_1_176' title='bbox 567 2854 658 2916; x_wconf 75' lang='lat' dir='ltr'>auuni</span> <span class='ocrx_word' id='word_1_177' title='bbox 675 2857 890 2918; x_wconf 65' lang='lat' dir='ltr'>commendam</span> <span class='ocrx_word' id='word_1_178' title='bbox 905 2877 960 2918; x_wconf 68' lang='lat' dir='ltr'>te»</span> 
     </span>
    </p>
   </div>
   <div class='ocr_carea' id='block_1_3' title="bbox 0 0 1282 4175">
    <p class='ocr_par' dir='ltr' id='par_1_3' title="bbox 0 0 1282 4175">
     <span class='ocr_line' id='line_1_33' title="bbox 0 0 1282 4175; baseline 0 0"><span class='ocrx_word' id='word_1_179' title='bbox 0 0 1282 4175; x_wconf 95' lang='lat' dir='ltr'> </span> 
     </span>
    </p>
   </div>
  </div>
 </body>
</html>
