2550 4175
390 694 643 763 Acrroms
667 633 715 759 Π.
739 687 776 758 L.
801 689 866 758 III.
900 706 974 779 149

295 806 489 887 percipiendis
501 803 635 866 fruffibus
652 801 706 863 fuit
720 848 730 876 ‚
743 803 922 886 consequitur
932 803 978 863 vi·

295 888 359 946 litas
375 888 406 945 in
423 883 606 947 vendendis:
620 899 654 943 ut
672 901 721 942 aut
742 885 817 945 male
840 882 979 945 venden-

295 966 367 1025 dum
376 967 467 1027 intelli
488 987 542 1038 as,
560 966 584 1023 si
593 964 813 1044 processit3aut
824 964 898 1024 male
932 982 979 1023 er·
1072 958 1075 965 ’

295 987 515 1126 ceptosftudius
525 1090 535 1119 ,
545 1046 569 1106 si
584 1042 661 1105 redd
677 1043 746 1104 licet
759 1044 898 1105 vendere.
941 1062 978 1101 o·

295 1141 335 1187 tae
350 1142 447 1187 autem
460 1147 506 1188 res
516 1123 623 1186 rusticae
634 1121 777 1203 ejusmodi
793 1124 855 1184 sunt
866 1140 978 1198 ,uteas

296 1227 359 1266 non
376 1208 471 1279 ratio,
489 1224 584 1287 neque
598 1204 704 1278 labor,
721 1203 771 1266 sed
787 1224 833 1267 res
851 1206 982 1264 incertis·

297 1287 394 1359 simae,
405 1289 486 1348 venti
499 1331 509 1359 ,
521 1303 582 1347 tem
605 1282 761 1367 estatesque
771 1284 979 1357 moderentur.

298 1366 376 1425 Hinc
396 1389 484 1449 quum
500 1388 563 1426 unae
577 1307 705 1427 decumae
722 1367 811 1448 lege,
827 1366 860 1426 &
877 1361 981 1425 condi·

296 1448 378 1506 tione
406 1448 551 1508 trahantur
576 1468 584 1506 ε
611 1446 708 1505 alterae
735 1448 821 1506 novis
850 1442 981 1504 institutis

297 1542 419 1607 propter
447 1547 570 1586 annonae
597 1528 741 1585 rationem
773 1528 980 1603 imperentur:

298 1621 411 1665 ematur
427 1623 566 1686 praeterea
578 1602 754 1664 frumentum
767 1604 921 1683 quotannis
950 1621 985 1659 u·

299 1684 376 1743 blice
391 1705 400 1744 ι
415 1684 564 1765 postremo
580 1685 668 1743 etiam
679 1685 709 1741 in
720 1684 823 1742 cellam
841 1683 915 1762 mag'
941 1702 986 1739 ra·

299 1764 400 1835 tibus,
427 1765 459 1824 &
487 1763 588 1845 legatis
608 1764 650 1833 im
673 1777 768 1822 eretur
787 1783 794 1820 ε
812 1759 909 1842 quid,
935 1777 985 1819 aut

299 1860 439 1925 quantum
458 1860 597 1923 praeterea
619 1862 635 1902 e
670 1886 682 1912 ‚
701 1840 781 1923 quod
795 1859 843 1901 aut
862 1840 986 1901 liberum

299 1926 392 2008 possit
410 1924 523 1995 habere'
535 1922 584 1983 ille
609 1939 729 1996 arator,
749 1942 785 1998 ac
802 1922 936 1981 dominus
954 1922 986 1979 in

299 2003 467 2086 potestate,
483 2004 599 2065 suorum
614 2001 756 2066 fruetuum
772 2046 783 2076 ‚
808 2002 900 2062 autin
916 2004 986 2081 ipsis

300 2083 437 2146 studiibus
456 2081 605 2165 solutum?
770 2130 780 2147 t

347 2167 416 2227 228.
437 2156 530 2245 Quod
551 2167 574 2224 si
587 2165 649 2224 haec
673 2162 801 2223 feruntur
822 2164 922 2223 omnia
939 2163 987 2220 :si

303 2246 389 2306 vobis
428 2247 524 2316 etius,
543 2246 575 2303 ac
592 2245 704 2323 populo
724 2243 882 2314 Romano,
899 2240 987 2320 quim

304 2325 380 2396 sibi,
444 2323 497 2383 suis
513 2323 697 2395 commodis,
716 2325 832 2404 operi,
852 2321 988 2400 sumptu,

303 2404 406 2464 labore
425 2401 587 2463 deserviunt
604 2423 611 2462 :
630 2403 756 2463 etiamne
773 2405 834 2462 haec
846 2422 924 2460 nova
935 2398 990 2459 de·

303 2485 376 2546 bent
384 2482 489 2554 edida,
499 2484 529 2543 &
537 2485 655 2563 imperia
663 2502 833 2562 praetorum,
844 2483 875 2541 &
889 2481 991 2560 Apro·

303 2567 344 2623 nii
363 2565 614 2633 dominationem,
631 2563 663 2622 &
678 2561 873 2622 Veneriorum
886 2560 988 2620 servo-

304 2665 369 2704 rum
388 2644 462 2703 furta
477 2688 486 2716 ‚
501 2642 668 2724 rapinasque
683 2642 810 2722 perferre
826 2646 840 2702 ?
860 2643 987 2701 etiamne

305 2723 481 2785 frumentum
494 2744 549 2802 pro
567 2739 668 2801 empto
681 2725 766 2801 gratis
778 2720 867 2780 dare?
885 2724 989 2779 etiam·

305 2825 344 2863 ne
365 2807 394 2862 in
419 2804 522 2864 ceilam
547 2823 635 2883 quum
661 2805 777 2880 cupiant
803 2801 887 2881 gratis
919 2801 987 2859 dare

307 2882 405 2955 ultro,
425 2884 575 2963 pecuniam
593 2881 734 2962 grandem
754 2881 845 2942 dare?
863 2882 989 2939 etiamne

308 2961 433 3020 haector
452 2962 647 3033 detrimenta,
666 2978 751 3041 atque
770 2961 875 3018 damna
894 2962 989 3019 maxi-

308 3042 364 3100 mis
377 3038 503 3116 injuriis,
518 3040 752 3119 contumeliisque
767 3038 894 3118 perferre
906 3042 917 3102 ἓ
928 3038 989 3097 Ita-

309 3139 367 3200 que
386 3120 470 3190 haec,
487 3121 622 3193 ludices,
643 3141 706 3200 quae
722 3121 781 3199 pati
795 3119 874 3178 nullo
896 3120 989 3177 modo

310 3215 467 3284 potuerunt
477 3242 487 3276 ,
497 3220 556 3260 non
566 3201 744 3281 pertulerunt
757 3219 764 3257 ε
776 3201 918 3258 arationes
928 3198 990 3257 toti

793 3276 820 3339 c
839 3276 868 3355 nj
