2550 4175
364 377 442 476 '356
533 378 598 443 ΙΝ
639 382 876 445 VERREM
957 429 960 434 .

406 490 513 560 LXV.
532 492 677 555 Homines
692 510 817 566 tenues,
836 487 959 550 obscuro
978 488 1046 569 loco

368 573 450 646 nati,
470 575 628 655 navigant:
644 572 751 633 adeunt
767 571 806 631 ad
824 591 860 632 ea
875 570 963 645 loca,
982 591 1047 651 quae

367 671 525 733 numquam
541 671 627 714 antea
637 651 772 715 viderunt
786 672 794 711 :
808 651 858 712 ubi
875 670 971 731 neque
985 650 1050 710 noti

362 729 426 793 'effe
435 734 469 791 iis
478 733 561 873 ,3:16
573 748 718 795 venerunt
730 777 739 805 ‚
755 752 850 871 misse
860 729 975 812 semper
984 749 1050 790 cunr

369 815 511 893 cognitor'
535 834 567 873 us
587 811 643 874 else
661 810 785 894 possunt.
836 833 869 871 ac
885 812 1052 871 imitamen

365 889 474 953 'fiducial
493 896 637 965 civitatis,
654 914 717 953 non
732 892 824 952 modi>
845 891 923 972 apud
939 888 1052 952 nostros

364 972 571 1055 magistratus,
586 975 635 1053 qui
650 974 682 1033 &
697 973 795 1053 legum
805 1017 815 1045 ,
827 973 859 1032 &
868 969 1053 1032 existimatio·

365 1056 417 1117 ,nis
436 1054 566 1133 periculo
581 1054 790 1125 continentur,
807 1072 845 1111 ne
866 1071 903 1112 ue
922 1051 1000 1132 apud
1011 1052 1053 1111 ci·

367 1153 425 1209 ‘ves
440 1132 532 1208 solum
543 1132 714 1207 Romanos,
727 1134 776 1213 qui
792 1133 825 1192 δι
843 1073 1003 1205 sermonis,
1020 1132 1054 1190 &

372 1209 462 1294 juris,
481 1214 512 1273 &
532 1214 687 1272 multarum
707 1232 803 1274 retum
819 1214 955 1274 societate
966 1209 1056 1290 junffi

370 1292 439 1372 ‚sunt
451 1337 461 1367 ,
475 1291 540 1353 fore
556 1293 584 1356 se
598 1309 676 1362 tutos
692 1293 861 1353 arbitrantur
875 1313 884 1351 z
898 1287 949 1353 sed
957 1335 966 1363 ‚
981 1312 1056 1371 quo·

369 1394 500 1454 eumque
514 1376 668 1449 venerint,
681 1373 755 1434 hanc
773 1374 827 1433 sibi
843 1392 907 1434 tem
922 1371 1056 1455 praesidio

359 1453 489 1536 'sperant
503 1452 639 1516 futurum.
825 1511 828 1516 .
847 1483 850 1490 ·

371 1589 374 1594 .
423 1533 489 1595 168.
508 1534 597 1596 Tolle
615 1536 688 1596 hanc
704 1533 805 1615 spem,
820 1532 891 1594 tolle
910 1530 970 1594 lroc
983 1554 1059 1613 prae·

373 1613 482 1692 ‚sidium
507 1617 618 1676 civibus
641 1614 809 1675 Romanis:
829 1610 969 1674 constitue
991 1611 1059 1673 nihil

372 1689 438 1756 ,esse
458 1696 522 1773 opis
538 1696 567 1753 in
584 1694 638 1753 hac
654 1714 751 1765 voce,
773 1690 872 1753 Ctvrs
888 1692 1058 1753 Romnnus

381 1789 451 1831 sunt
465 1792 473 1831 τ
512 1769 570 1832 osse
587 1773 705 1853 impune
717 1788 895 1852 praetorem,
911 1789 959 1833 aut
973 1773 1060 1832 alium

377 1794 541 1934 .quemli[et
562 1896 573 1926 ,
599 1851 788 1933 supplicium,
807 1853 898 1933 quod,
910 1852 1006 1923 velit,
1032 1853 1061 1911 in

382 1950 451 1992 eum
469 1929 641 1992 constituere
655 1977 666 2005 ‚
679 1934 729 2015 qui
743 1931 771 1992 se
785 1935 881 1994 civem
894 1931 1062 1994 Romanum

383 2008 441 2073 esse
458 2011 534 2072 dicat
543 2031 554 2085 ;
565 2011 646 2102 quod
662 2014 724 2093 quis
734 2015 847 2095 ignoret
860 2035 868 2073 ι
883 2008 943 2092 jam
959 2031 1062 2072 omnes

381 2095 566 2233 Brovincias‚
581 2113 640 2170 lam
653 2096 751 2152 omnia
767 2113 875 2175 regna,
891 2091 951 2172 jam
962 2111 1065 2152 omnes

395 2172 487 2238 'betas
502 2174 654 2243 civitates,
674 2170 732 2250 jam
746 2194 865 2233 omnem
887 2175 991 2232 orbem
1002 2188 1065 2232 ter.-

384 2273 481 2312 tarum
492 2295 501 2325 ,
512 2253 561 2332 qui
576 2251 689 2331 semper
708 2251 809 2313 nostris
824 2253 988 2313 hominibus
1002 2273 1066 2312 ma·

384 2332 462 2390 xime
476 2333 592 2411 patuit,
612 2332 722 2392 civibus
736 2330 876 2397 Romanis
894 2330 945 2390 ista
961 2331 1068 2392 defen-

378 2412 469 2475 sione
488 2411 670 2490 ptaecluseris.
697 2412 801 2490 Quid,
821 2414 844 2469 si
864 2409 898 2469 L.
918 2408 1068 2484 Pretium,

379 2491 517 2570 ¹equitem
537 2491 727 2563 Romanum,
747 2494 795 2570 qui
812 2506 873 2549 tum
887 2490 924 2550 ,in
945 2487 1041 2550 Sicilia
1058 2537 1070 2563 ,

386 2570 582 2633 nominabat?
608 2573 735 2631 etiamne
760 2569 791 2628 id
817 2589 865 2627 ma
885 2589 956 2627 num
986 2569 1069 2645 fuit,

388 2646 565 2710 Panormum
576 2651 684 2711 litteras
701 2651 815 2708 mittere
826 2649 838 2710 ἒ
851 2588 999 2710 asservasse
1015 2653 1071 2711 ho-

388 2730 522 2791 minem?
544 2728 677 2790 custodiis
694 2727 936 2789 Mamertinorum
953 2747 1070 2792 tuorum

379 2806 542 2883 uiuilum,
562 2810 687 2872 clausum
702 2807 848 2884 habuisse,
869 2810 937 2870 dum
958 2809 1072 2871 Panno·

392 2911 444 2955 ruo
462 2891 572 2956 Pierius
592 2893 736 2960 veniret.²
762 2889 951 2979 cognosceret
970 2887 1072 2973 homi·
