2550 4175
391 400 640 473 Acrrours
663 398 710 472 ΙΙ.
743 400 779 471 L
808 401 850 471 V.
898 415 975 498 273.

294 514 446 599 singularis¹
460 515 615 657 diliqentia.
632 513 710 576 Nam
726 514 828 577 scitote
843 514 900 577 esse
920 538 979 598 op·

294 598 396 679 pidum
411 598 441 656 in
453 595 511 657 Sici
523 597 675 675 'amulium
689 617 725 657 ex
744 598 777 656 iis
795 596 931 679 oppidis,
948 599 979 658 iu

293 678 397 758 quibus
416 675 571 740 consistere
601 694 762 760 praetores,
790 677 823 736 δι
841 696 977 739 couven-

293 773 357 817 tum
370 777 458 838 agere
476 756 590 832 solent,
607 779 667 840 quo
684 758 714 817 in
732 756 843 837 oppido
858 777 918 818 non
934 755 979 820 isti

294 838 443 918 exaliqua
464 836 592 912 familia,
611 859 672 900 non
692 839 701 897 i
723 838 841 911 nobili,
865 837 983 912 deleiia

293 918 332 978 ad
350 918 500 978 libidinem
513 917 616 979 mulier
626 859 818 999 effengltaque
832 919 978 979 nonnulla
1001 953 1004 960 ·

294 1018 333 1059 ex
354 1018 393 1058 eo
411 1019 534 1059 numero
555 1002 586 1058 in
604 1002 772 1060 convivium
795 997 978 1059 adhibeban-

294 1077 444 1159 turpalanr
454 1100 462 1139 ε
474 1081 569 1161 siquae
584 1076 717 1139 castiores
727 1095 808 1140 erant
823 1124 832 1152 ‚
850 1079 888 1139 ad
901 1095 979 1140 tem·

294 1179 349 1239 pus
375 1160 533 1219 veniebant
556 1176 567 1233 3
592 1159 712 1234 lucem,
740 1177 979 1243 conventumque

294 1238 427 1300 vitabant
455 1260 463 1299 t
489 1255 571 1300 erant
601 1256 699 1301 autern
730 1241 890 1313 convivia,
917 1257 980 1301 non

294 1319 347 1379 illo
371 1319 486 1381 silentio
509 1335 690 1401 praetorum,
713 1336 801 1403 atque
818 1322 981 1401 imperaro-

295 1419 380 1475 rum,
397 1420 494 1482 neque
514 1420 552 1461 eo
567 1400 704 1482 pudore,
723 1403 772 1482 qui
790 1403 819 1460 in
836 1398 982 1481 magistra·

294 1496 378 1542 tuum
388 1481 530 1544 conviviis
542 1480 650 1543 versari
664 1479 737 1542 solet
749 1525 759 1553 ,
773 1478 822 1540 sed
838 1501 904 1540 cum
919 1502 982 1542 ma·

295 1563 376 1622 ximo
387 1561 516 1622 clamore
523 1606 536 1635 ‚
552 1570 641 1643 atque
661 1561 795 1621 convicio
812 1580 982 1621 :nonnum-

296 1661 384 1723 quam
400 1644 486 1702 etiam
507 1662 553 1703 res
572 1642 609 1702 ad
626 1662 728 1702 manus
741 1686 751 1715 ‚
766 1658 855 1723 atque
868 1640 904 1701 ad
921 1662 980 1724 pu-

296 1741 383 1804 gnam
394 1722 542 1783 veniebat.
559 1720 615 1785 Iste
631 1725 710 1784 enim
742 1740 828 1783 rator
841 1721 980 1797 severus,

296 1822 330 1861 ac
355 1802 501 1883 diligens,
524 1803 573 1882 qui
592 1804 696 1939 poquli
717 1743 846 1863 Romani
869 1802 896 1864 le
918 1802 981 1863 ihus

297 1901 456 1963 numquam
466 1876 599 1960 panriiier
608 1884 637 1953 ;i
648 1882 681 1940 lis
693 1881 844 1963 diligenter
851 1881 911 1964 legi
932 1904 983 1956 us,

296 1982 361 2125 qq}
373 1965 403 2021 in
414 1959 529 2043 poculis
538 1962 740 2040 ponebantur,
749 1962 986 2055 obtemperabat.

362 2061 399 2105 ue
410 2058 492 2104 erant
505 2043 600 2102 exitus
609 2038 769 2119 ejusmodi,
784 2056 816 2101 ut
826 2042 896 2101 alius
909 2044 984 2104 inter

297 2142 401 2185 manus
419 2143 439 2184 e
460 2123 623 2192 convivio,
651 2137 798 2202 tamquam
817 2141 836 2182 e
853 2122 957 2201 proelio
972 2167 987 2197 ,

298 2203 460 2264 auferretur
480 2223 489 2264 τ
509 2203 603 2276 alius,
621 2218 772 2284 tamquam
791 2199 920 2277 occisus,
938 2223 988 2264 re·

297 2283 496 2367 linqueretur:
533 2282 648 2364 letique
661 2281 717 2342 fusi
733 2283 795 2343 sine
813 2300 934 2356 mente,
950 2301 987 2345 ae

298 2366 362 2425 aine
376 2305 532 2424 ullo'seuiii
548 2359 703 2443 jacerent,
721 2364 812 2444 quivis
830 2380 881 2437 ut,
895 2383 987 2460 quum

299 2442 493 2526 adspexiss'em
510 2465 572 2505 non
588 2443 616 2505 se
643 2445 773 2525 praetoris
792 2446 985 2522 coruinum,

298 2523 349 2586 sed
363 2543 394 2584 ut
407 2523 593 2607 Cannenstm
600 2544 727 2608 pugnam
740 2526 875 2609 nequitia
883 2524 988 2588 videre

298 2606 496 2666 arbitraretur.

341 2683 425 2746 xll.
444 2685 547 2766 Quum
560 2686 634 2747 verb
648 2684 727 2746 aestas
737 2684 847 2746 summa
860 2684 915 2747 effe
926 2685 989 2766 jam

299 2780 450 2846 coeperat,
462 2766 543 2846 quod
556 2781 672 2845 tempus
684 2785 787 2824 omnes
799 2765 899 2825 Sicilia
912 2767 987 2828 sern-

323 2864 354 2902 er
373 2859 511 2923 praerores
527 2848 556 2904 in
569 2845 717 2905 itineribus
732 2843 901 2906 consumere
913 2869 989 2908 con·

334 2937 487 2998 everunt,
511 2941 669 3007 propterea
690 2924 772 3005 quud
796 2942 859 3066 Ἥ
887 2944 993 3005 purant

869 3026 890 3066 r
