2550 4175
402 361 505 433 Prro
530 359 577 431 A.
604 362 834 434 Cacum.
896 371 973 457 '441

290 475 387 539 littera
406 474 451 556 jus
471 498 561 541 omne
578 479 708 560 torqueri
727 499 737 552 ;
762 499 818 539 vos
838 474 977 553 stamme,

292 558 545 638 Recuperatoteo‚
558 578 654 621 utrum
662 560 757 619 utilius
766 558 823 621 etse
832 560 977 621 videatur.

319 658 371 715 77.
384 639 452 699 Hoc
462 638 529 700 loco
538 640 750 722 percommode
763 640 883 713 accidit,
895 639 976 722 quod

291 738 354 778 non
374 717 454 779 adest
474 722 522 793 is,
541 723 589 801 qui
611 721 699 801 paulo
722 720 789 778 ante
811 718 915 794 affuit,
941 722 977 782 &

293 797 388 859 adeffe
403 800 488 859 nobis
504 800 672 883 frequenter
682 803 711 859 in
723 800 776 858 hac
786 798 867 859 causa
883 799 977 875 solet,

293 882 339 939 vir
356 881 577 956 ornatissimus,
596 880 633 942 C.
658 880 812 962 Aquilius:
831 900 899 939 nam
912 880 977 961 ipso

294 958 450 1040 praesente‚
462 960 499 1021 de
509 966 615 1023 virtute
625 959 687 1040 ejus
698 962 730 1020 &
740 958 893 1041 prudentii
903 962 980 1020 timi·

293 1039 357 1099 dius
368 1040 510 1114 dicerem,
519 1042 599 1123 quod
614 1044 646 1103 &
655 1040 715 1122 ipse
724 1040 838 1122 pudore
848 1040 979 1122 quodam

294 1118 456 1180 afficeretur
469 1142 504 1182 ex
514 1121 561 1182 sua
575 1123 680 1196 laude,
694 1122 726 1182 &
738 1142 787 1183 me
795 1123 893 1182 similis
903 1126 980 1187 ratio

294 1200 413 1282 pudoris
426 1224 444 1261 a
462 1201 608 1283 praesentis
623 1202 709 1263 laude
724 1202 851 1263 tardaret
869 1223 877 1259 :
895 1202 977 1282 cujus

293 1280 454 1342 auetoritati
464 1281 571 1343 dietum
587 1281 628 1344 est
644 1285 682 1344 ab
696 1283 743 1343 illa
756 1281 836 1343 causa
852 1284 980 1345 concedi

294 1363 415 1421 nimium
426 1383 487 1421 non
503 1381 653 1443 oportere.
663 1363 733 1423 Non
743 1383 868 1436 vereor,
879 1364 917 1423 de
927 1362 979 1425 tali

294 1445 360 1503 viro
371 1442 483 1581 neplus
495 1443 607 1517 dicam,
618 1444 706 1525 quam
716 1465 771 1503 vos
780 1460 828 1504 aut
835 1441 981 1520 sentiatis,

295 1540 410 1602 autapu
441 1544 497 1583 vos
509 1526 733 1585 commemorari
742 1527 848 1586 velitis.

335 1602 387 1679 78.
405 1604 598 1686 Quapropter
613 1605 670 1664 hoc
689 1605 803 1681 dicam,
819 1624 980 1685 numquam

295 1682 358 1762 ejus
367 1683 565 1746 aufloritatem
573 1688 692 1745 nimium
699 1686 815 1758 valere,
823 1683 904 1765 cujus
913 1707 983 1766 pru·

297 1765 424 1826 dentiam
432 1768 556 1848 populus
564 1766 714 1826 Romanus
721 1768 750 1826 in
758 1769 891 1829 cavendo
899 1812 908 1840 ‚
917 1788 981 1827 non·

280 1910 282 1919 ¹
295 1848 325 1905 in
341 1845 514 1927 decipiendo
526 1846 703 1929 perspexerit
718 1868 725 1905 :
741 1850 790 1927 qui
807 1846 875 1925 juris
888 1849 979 1907 civilis

296 1928 441 1988 rationem
450 1948 607 2006 numquam
616 1929 652 1987 ab
667 1930 802 2008 aequitate
808 1925 979 2004 sejunxerit:

317 2010 345 2066 ui
359 2024 405 2067 tot
425 2029 518 2068 annos
534 2010 685 2091 ingenium
697 2054 708 2082 ‚
718 2008 850 2068 lahorem
865 2051 875 2079 ‚
888 2004 980 2079 fidem

294 2028 496 2170 inampopulo
509 2086 646 2150 Romano
656 2107 822 2229 promptam
835 2132 845 2160 ‚
861 2088 982 2166 exposi-

296 2169 732 2251 tamquepraebuerit:quiitaju
759 2169 985 2230 us&bon1uvir

297 2248 358 2322 est,
372 2267 403 2309 ut
416 2250 516 2309 naturi
524 2268 602 2323 ,oon
611 2250 757 2332 disciplina
768 2247 911 2310 consultus
923 2243 992 2321 effe

295 2331 430 2391 videatur
441 2351 448 2391 ε
464 2333 503 2390 ita
512 2334 617 2410 peritus
627 2353 661 2390 ac
672 2332 819 2413 prudens,
830 2346 861 2388 ut
874 2349 910 2388 ex
918 2326 981 2404 jure

297 2412 374 2474 civili
387 2432 469 2485 ‚non
484 2409 598 2472 scientia
607 2411 702 2472 solum
714 2411 845 2492 quaedam
856 2453 865 2480 ‚
875 2411 983 2468 uerum

298 2494 385 2551 etiarn
397 2493 512 2553 bonitas
525 2510 592 2553 nara
605 2493 741 2553 videatur·
755 2511 762 2549 :
781 2489 861 2568 cujus
871 2507 983 2548 tantum

299 2569 340 2630 est
352 2574 503 2652 ingenium
512 2618 522 2646 ‚
531 2575 572 2632 ita
585 2592 722 2654 prompta
735 2569 828 2644 fides,
843 2587 873 2630 ut
885 2615 894 2643 ‚
905 2569 984 2650 quid·

299 2650 368 2730 quid
379 2652 450 2711 inde
460 2655 592 2726 haurias,
607 2673 711 2733 purum
720 2696 733 2726 ,
743 2652 940 2733 liquidumque
953 2667 985 2710 te

297 2731 411 2790 haurire
431 2729 544 2791 sentias.
899 2760 901 2767 ·

339 2829 390 2888 79.
415 2809 517 2889 Quare
541 2828 730 2890 permagnam
754 2809 871 2869 initita
899 2827 939 2869 no

299 2893 420 2978 gratiam
434 2935 444 2968 ,
458 2909 548 2973 quum
566 2907 634 2951 euru
652 2806 1090 3062 meierempppirpr
