2550 4175
392 817 420 893 4
551 799 613 868 ΙΝ
653 800 891 870 Vannrn

391 930 525 997 tunaeque
541 914 690 987 munitus,
706 932 805 976 tamen
824 915 879 975 hac
897 911 964 973 curi
982 914 1079 977 conti·

392 995 533 1068 debatur,
576 1015 643 1053 uam
662 995 713 1055 sibi
729 1041 739 1070 ,
753 996 886 1057 nondum
903 992 1078 1058 confirmato

392 1074 535 1149 consilio,
553 1016 603 1135 sled
623 1078 740 1137 ineunte
761 1094 845 1138 aetate
859 1120 868 1150 ,
884 1073 1045 1155 susceperat
1066 1098 1075 1140 :

336 1226 337 1230 Ἰ
391 1156 451 1234 qul>
464 1157 558 1215 minus
569 1158 658 1216 etiam
672 1156 839 1238 perspicitur
852 1176 953 1217 eorum
965 1159 1076 1232 virtus,

392 1235 425 1294 ὃ(
438 1237 585 1319 integritas
600 1282 608 1310 ‚
619 1237 668 1317 qui
683 1237 720 1296 ad
733 1237 808 1298 hanc
820 1258 884 1299 rem
901 1235 1077 1298 adolescen-

389 1315 464 1391 tuli,
481 1316 567 1399 quim
589 1320 638 1397 qui
657 1314 718 1396 jam
730 1316 843 1393 firmati
860 1332 944 1377 atate
955 1315 1076 1378 descen·

389 1396 462 1456 dunt
474 1418 481 1456 :
498 1397 538 1457 illi
552 1398 629 1459 enim
643 1443 653 1470 ,
665 1415 819 1482 antequam
831 1414 989 1480 potuerunt
1001 1398 1075 1459 exis-

388 1480 513 1553 timare,
533 1476 641 1559 quami
664 1478 782 1539 liberior
806 1482 867 1539 vita
885 1480 921 1537 sit
943 1497 1073 1552 eorum,

389 1559 438 1637 q‘ui
454 1561 602 1619 neminem
614 1558 768 1619 accusarint
780 1603 790 1631 ‚
801 1559 899 1640 gloriae
911 1559 1012 1632 causi,
1028 1577 1075 1620 at-

410 1658 446 1698 ue
456 1636 673 1712 ostentationis,
688 1638 837 1699 accusant:
848 1657 902 1697 nos
913 1641 980 1720 ‚qui
990 1636 1052 1717 jam
1063 1685 1073 1715 ,

389 1659 499 1800 liquid
508 1718 605 1780 facere
615 1763 624 1790 ‚
636 1719 669 1779 &
679 1718 848 1802 quantulum
860 1716 987 1797 judicare
999 1720 1073 1799 pos-

289 1843 291 1848 ·
387 1797 503 1875 semus,
517 1798 712 1875 ostendimus,
729 1800 783 1859 nisi
797 1798 879 1860 facile
900 1799 1072 1879 cupiditates

388 1878 497 1940 nostras
512 1897 697 1955 teneremus,
715 1901 874 1963 numquam
886 1880 1002 1959 ipsimet
1015 1902 1072 1940 no-

387 1962 431 2019 bis
453 1961 676 2041 praecideremus
695 1958 776 2021 istam
797 1960 962 2035 licentiam,
979 1960 1072 2022 liber-

387 2056 534 2122 tatemque
552 2039 684 2102 vivendi.

427 2118 474 2182 II.
496 2120 596 2202 Atque
611 2120 670 2181 hoc
685 2139 743 2202 ego
760 2119 825 2202 plus
840 2124 937 2182 oneris
952 2121 1072 2197 habeo,

386 2201 472 2282 quim
514 2203 542 2261 ui
563 2216 676 2262 ceteros
692 2200 857 2261 'accusarunt
873 2200 919 2282 (si
938 2224 1011 2262 onus
1028 2203 1072 2265 est

385 2282 416 2340 id
431 2223 657 2365 appillandum,
676 2281 758 2362 quod
773 2301 838 2341 cum
857 2281 957 2341 laetitii
969 2282 1070 2357 seras,

385 2378 419 2422 ac
442 2363 512 2424 volu
536 2366 618 2437 tate)
639 2378 842 2424 verumtamen
857 2362 914 2422 hoc
934 2381 990 2443 ego
1006 2383 1072 2422 am·

385 2444 458 2523 plius
476 2385 605 2524 susiepi,
621 2443 709 2524 quim
726 2445 814 2504 ceteri
823 2465 833 2516 ;
849 2443 928 2525 quid
942 2445 980 2501 ita
1000 2444 1071 2522 pos-

384 2522 491 2582 tulatur
506 2525 542 2583 ab
554 2523 688 2583 omnibus
699 2567 709 2595 ,
721 2539 753 2582 ut
762 2524 798 2581 ab
814 2527 847 2582 iis
865 2522 893 2584 se
907 2521 1069 2585 abstineant

382 2604 508 2662 maxime
527 2604 623 2674 vitiis,
647 2604 677 2660 in
720 2602 801 2660 uibus
825 2603 946 2663 alterum
964 2611 1071 2681 repre·

382 2682 547 2744 henderint.
567 2681 674 2742 Furem
690 2623 839 2761 aliquem,
865 2699 913 2741 aut
927 2701 1068 2763 rapacem

383 2764 548 2827 accusiriss
564 2761 685 2822 vitanda
699 2761 751 2820 tibi
761 2759 876 2843 semper
895 2764 948 2822 erit
969 2766 1068 2826 omnis

383 2846 509 2904 avaritia
541 2840 670 2924 suspicio.
700 2839 869 2902 Maleficum
896 2845 1068 2924 quempiam

383 2924 557 2997 adduxeris,
573 2939 621 2983 aut
638 2922 811 2983 crudelem?
831 2923 996 2984 cavendum
1010 2929 1068 2986 erit

382 3002 517 3086 semper,
532 3023 571 3064 ne
585 3024 641 3084 qua
656 3005 686 3062 in
707 3023 739 3064 re
753 3003 899 3084 asperior,
914 3020 962 3065 aut
978 3005 1067 3066 inhu-

381 3083 717 3145 maniorsuilsevideare.
733 3081 946 3167 Corruptorem
959 3131 969 3158 ,
980 3085 1065 3146 adul·

380 3183 501 3230 terumr
512 3164 726 3246 providendum
738 3165 911 3249 diligenter,
927 3185 963 3225 ne
980 3170 1065 3247 quod

382 3248 412 3306 in
421 3249 482 3307 vita
498 3244 649 3328 vestigium
660 3245 784 3305 libidinis
796 3263 933 3328 appareat
943 3268 950 3305 τ
960 3250 1064 3310 omnia

381 3325 549 3411 postremi,
571 3348 635 3409 quae
651 3326 802 3392 vindicaris
822 3331 852 3391 in
874 3329 986 3405 altero,
1007 3329 1064 3392 tibi
