2550 4175
342 327 444 398 Pico
468 315 870 396 insaniarum.
894 319 976 419 '475'

293 439 435 502 servituris
447 437 577 522 periculo
588 440 803 516 committeret,
820 451 910 523 quum
928 457 980 506 aut

292 522 389 582 hieme
400 566 409 595 ‚
421 538 469 581 aut
479 519 589 584 referio
599 520 771 601 praedonum
778 522 849 582 inari
856 524 982 607 naviga-j

292 609 337 663 ret
347 601 360 663 i
370 598 439 664 Hoc
456 611 569 663 tantum
580 591 711 673 bellum,
728 613 789 660 tam
800 615 884 683 turpe
894 649 905 679 ,
917 621 981 668 ram

292 699 399 757 vetus,
415 681 544 743 ramlati
562 679 684 743 divisum
702 693 789 762 atque
803 682 982 764 dispersum,

293 765 358 844 quis
374 771 512 847 umquam
526 762 710 825 arbitraretur
726 779 775 822 aut
791 762 828 822 ab
844 765 980 826 omnibus

293 843 769 987 sirasirim
785 841 983 1006 nisus

293 1005 475 1087 provinciam
492 949 619 1067 tinuistis
631 948 843 1087 apraedoiiibus
858 1005 982 1070 liberam

294 1106 350 1168 per
361 1081 448 1149 hosce
467 1107 559 1147 annos
572 1087 584 1147 i
598 1085 680 1167 quod
694 1083 769 1149 redi
790 1088 818 1147 al
834 1090 921 1149 vobis
931 1105 983 1149 ru-

294 1183 359 1227 tum
376 1166 456 1227 fuir?
515 1186 563 1229 em
589 1163 699 1225 socium
726 1107 916 1246 defendistis?
936 1168 985 1230 cui

294 1247 451 1330 prasidio,
472 1245 607 1305 cassibus
619 1243 745 1318 vestris,
765 1241 877 1305 fuistis?
893 1245 983 1327 quim

294 1326 402 1389 multas
431 1322 595 1386 eiiistimatis
619 1323 722 1384 insulas
748 1318 804 1385 effe
829 1323 983 1387 desertas?

309 1415 320 1426 “
337 1407 384 1467 im
395 1403 499 1467 inuitas
515 1422 564 1466 aut
576 1422 657 1465 metu
670 1403 781 1485 relidas
793 1449 803 1478 ‚
817 1418 866 1465 aur
879 1427 989 1487 aprae·¹

296 1429 421 1551 dinibus
437 1493 535 1570 capias
553 1486 640 1546 urbes
656 1482 713 1546 effe
731 1484 877 1545 sociorum
888 1473 912 1545 i·

338 1568 418 1630 XII.
438 1561 498 1629 sed
516 1565 587 1651 quid
597 1587 656 1649 ego
671 1567 831 1649 longinqua
847 1577 986 1628 comme-

297 1669 383 1710 moro
396 1647 407 1709 ἓ
422 1644 489 1710 Fun
508 1649 566 1710 hoc
579 1648 729 1729 quondam
742 1692 752 1721 ‚
766 1643 819 1707 fuir
832 1650 984 1729 proprium

298 1729 401 1812 populi
418 1729 545 1789 Romani
556 1728 646 1809 louge
666 1729 789 1808 adomo
807 1727 938 1802 bellare,
949 1730 985 1791 δι

297 1808 521 1892 propugnaculis
537 1810 576 1867 im
599 1807 651 1867 etii
668 1807 812 1867 sociorum
830 1805 988 1882 fortunas,

299 1911 359 1951 non
379 1888 427 1949 sua
446 1879 521 1949 tedia
539 1828 708 1947 deiendere.
729 1883 823 1945 Sociis
838 1906 897 1967 ego
916 1884 991 1949 ves·¹

298 1971 350 2031 riis
367 1977 448 2030 mare
465 1964 588 2028 clausum
607 1981 660 2046 per
676 1963 764 2026 hosce
780 1981 873 2025 annos
888 1965 986 2029 dicam

299 2048 404 2121 fuisse,
424 2068 514 2132 quum
535 2048 677 2109 exercitus
699 2041 789 2106 nostri
809 2041 989 2124 Brundisio,

298 2151 480 2214 numquam,
497 2129 548 2190 nisi
561 2127 671 2191 summi
687 2127 785 2187 hieme
797 2171 808 2199 ‚
822 2126 988 2189 transsnise-

299 2209 378 2274 rint?
394 2212 443 2296 qui
460 2209 497 2289 ad
511 2230 567 2271 vos
581 2209 617 2269 ab
634 2209 914 2270 exterisnationibus
930 2229 988 2271 ve·

300 2296 420 2368 niceni,
443 2300 545 2374 capros
566 2308 690 2372 querar3
708 2308 797 2370 quum
817 2288 906 2371 iegati
926 2311 988 2370 po·

300 2373 363 2457 puli
375 2370 503 2437 Romani
519 2371 665 2451 redempti
683 2369 760 2430 sint?
778 2372 989 2434 mercatoribus

302 2460 396 2512 rurum
408 2470 488 2516 mare
505 2474 566 2515 non
582 2449 664 2513 fuiffe
676 2450 792 2527 dicam,
810 2471 900 2533 quum
912 2450 988 2514 duo·

303 2531 400 2592 decim
418 2532 529 2595 secures
553 2536 585 2595 iu
609 2531 782 2616 predonum
811 2531 986 2614 potestatem

302 2610 515 2695 pervenerint?

348 2704 395 2769 33.
423 2686 576 2760 Cnidum,
599 2702 648 2748 nur
672 2687 910 2769 Gomphorum,
937 2702 988 2754 aur

304 2769 425 2833 Samum
462 2768 652 2829 nobilissimas
670 2768 777 2840 urbes,
789 2770 987 2833 innumerabi-

304 2849 404 2936 lesque
422 2815 514 2927 aiias,
536 2857 633 2932 capras
649 2845 706 2912 effe
732 2867 987 2928 commemorem,
