2550 4175
379 391 434 465 94
564 373 619 437 ΙΝ
647 375 859 438 Virunum

379 500 481 575 petum
495 480 612 543 fetide?
627 486 690 567 quis
709 484 766 543 hoc
782 504 843 543 non
858 498 897 541 ex
915 501 955 542 eo
976 480 1065 545 statim

378 563 541 645 judicavit,
559 565 640 645 quod
665 563 800 638 ostendi,
817 561 904 624 istum
930 562 1066 624 decumo

379 643 460 705 novi
476 642 561 725 lege,
576 661 663 727 atque
680 646 758 706 adeo
769 643 847 705 nulli
861 642 954 724 lege,
969 661 1068 706 coum

376 726 511 785 omnium
539 724 802 802 consuetudinem,
828 739 917 806 atque
940 722 1067 788 iirstinm

378 801 567 867 vendidisse?

424 902 491 964 ¹43·
506 885 642 960 Vetbm,
658 901 691 946 ut
709 884 779 947 istos
795 903 854 966 ego
872 881 993 963 judices
1013 901 1067 946 tan

378 962 520 1040 severos,
541 982 602 1025 tam
626 966 804 1048 diligentes,
829 981 890 1023 tam
916 965 1066 1061 religiosos

378 1066 441 1106 non
458 1046 598 1107 haberem
618 1067 626 1105 t
645 1048 745 1129 ecquis
764 1043 827 1117 est,
846 1064 883 1105 ex
898 1042 1066 1121 injunamm

378 1125 605 1208 magnitudine,
631 1127 821 1208 improbitate
851 1124 1066 1202 decretorum,

377 1202 554 1284 judiciorum
564 1209 713 1289 iniquitate
723 1252 733 1281 ‚
743 1208 791 1287 qui
805 1206 863 1265 hoc
872 1225 936 1265 non
953 1203 1068 1290 jamdu-

380 1285 452 1346 dum
471 1286 622 1359 statuerit,
643 1289 676 1348 ὃ(
700 1284 859 1369 judicarit?
886 1283 990 1347 Etiam
1009 1285 1036 1348 sa

377 1369 418 1427 sit
432 1367 532 1449 aliquis
544 1366 702 1428 dissolutior
719 1371 750 1427 in
759 1364 917 1446 judicando
930 1386 939 1425 ι
951 1366 1066 1452 legum,

380 1445 490 1521 officii,
507 1448 694 1529 reipublicae,
712 1447 876 1519 sociorum,
890 1462 986 1530 atque
1003 1450 1067 1510 ami·

380 1548 484 1588 corum
510 1530 732 1611 negligentior:
755 1527 855 1610 quid?
881 1527 907 1586 is
935 1532 1066 1609 pessime

383 1607 422 1667 de
440 1607 515 1667 istius
527 1609 716 1688 improbitate
733 1608 884 1678 dubitare,
897 1628 996 1689 quum
1008 1628 1067 1672 mu·

380 1701 411 1747 ta
430 1687 509 1746 lucra
521 1686 595 1747 falla
607 1732 616 1761 ,
629 1704 689 1747 tam
706 1688 817 1769 iniquas
830 1686 1011 1768 pelliones,
1025 1692 1066 1763 ri,

377 1766 417 1827 ¹&
429 1784 508 1828 metu
519 1765 661 1849 expreffas
673 1770 847 1850 cognoverit
860 1768 871 1819 ἒ
886 1787 986 1849 quum
995 1785 1066 1831 mun

382 1850 502 1930 praemia
512 1850 665 1924 civitates,
679 1850 732 1923 vi,
746 1864 833 1929 atque
847 1850 1002 1929 imperio,
1016 1852 1066 1915 vir·

376 1947 502 2010 garum,
512 1950 546 1989 ac
558 1933 659 1990 mortis
672 1946 771 2001 metu,
784 1949 845 1990 non
857 1928 955 1990 modb
965 1930 1065 2015 Apro·

378 2011 457 2083 nio,
475 2027 561 2093 atque
583 2008 648 2091 ejus
668 2009 826 2082 similibus,
846 2010 956 2070 verum
986 2015 1065 2075 etim

378 2086 521 2154 ¹Veneriis
533 2091 620 2152 servis
634 2093 702 2153 dare
715 2091 837 2152 coaeas.

428 2189 495 2245 144.
509 2171 602 2250 Qubd
617 2175 640 2230 si
656 2174 719 2252 quis
737 2172 881 2232 sociorum
898 2171 1065 2237 incommo-

382 2249 428 2310 dis
451 2253 545 2311 minirs
566 2267 703 2312 movetur
729 2255 781 2312 :si
806 2269 894 2333 quem
921 2271 1064 2317 aratorum

375 2329 480 2412 ¹fugae,
499 2330 693 2405 calamitates,
710 2334 829 2407 exsilia,
842 2328 1001 2412 suspendia
1018 2337 1065 2396 de·
1096 2392 1099 2401 .

382 2412 471 2492 nique
488 2431 549 2471 non
565 2429 742 2492 permovent
758 2434 765 2471 τ
783 2432 843 2473 non
854 2411 974 2492 polium
988 2416 1065 2477 dubi¹

384 2506 446 2552 tare
457 2536 468 2563 ‚
483 2494 551 2572 quin
563 2493 586 2550 is
604 2508 724 2563 tamen,
742 2513 831 2572 quum
841 2489 990 2557 vastatam
1001 2496 1066 2560 Sici-

383 2569 627 2646 liam,reli&0sa
648 2593 715 2644 ros,
731 2591 767 2631 ex
782 2574 936 2633 civitatum
946 2575 1065 2652 litteris,

384 2651 419 2710 δι
429 2649 550 2732 epistola
564 2649 600 2710 L.
652 2652 731 2712 etelli
738 2653 913 2734 cognoverit
925 2654 1067 2730 3staturt‚

380 2728 446 2791 fieri
459 2752 520 2791 non
534 2730 634 2812 polle,
651 2748 683 2792 ut
699 2732 737 2792 de
752 2735 805 2794 isto
816 2753 877 2793 non
887 2731 1067 2806 severissimi

382 2806 536 2892 judicetur.
551 2810 612 2872 Erit
622 2816 708 2874 etiam
727 2814 846 2895 aliquis,
860 2816 911 2894 qui
924 2815 994 2879 lraec
1013 2838 1067 2880 om·

381 2893 431 2954 nia
449 2891 624 2956 dissimulare
634 2938 645 2972 ,
663 2914 697 2958 ac
711 2896 857 2978 negligere
878 2900 1002 2979 possit?
1019 2899 1066 2962 Ae
