2550 4175
300 692 573 763 Acrionrs
599 689 794 762 II.L*III.
831 701 905 782 109

232 824 371 891 erogata,
389 827 425 867 ex
447 805 633 887 vefiligalibus
659 807 760 887 populi
779 806 909 868 Rotnani

227 889 266 947 ad
294 888 451 949 emendum
469 886 646 946 frumentum
670 889 822 962 attributa,
841 885 908 947 fue-

225 970 302 1030 ritne
322 969 373 1028 tibi
391 965 531 1050 quaestui?
551 969 736 1047 pensitaritne
755 968 806 1027 tibi
824 968 908 1026 binas

226 1051 424 1110 centesimas?
440 1046 540 1108 Credo
559 1064 589 1106 te
606 1062 778 1127 negamrum
792 1069 800 1106 ι
816 1050 907 1127 turpis

227 1134 307 1189 enim
332 1127 392 1202 est,
418 1126 628 1208 &periculosa
652 1127 807 1188 confessio.
832 1127 909 1188 Mihi

226 1226 326 1269 autem
345 1210 402 1269 hoc
426 1208 599 1289 perarduum
622 1206 663 1267 est
687 1206 906 1268 demonstrare:

226 1290 331 1369 quibus
353 1292 431 1350 enim
446 1288 562 1349 testibus
577 1290 589 1351 ‚²
605 1288 784 1368 publicanis?
798 1285 909 1347 tratiati

225 1369 387 1430 honorifici
398 1368 461 1429 sunt
475 1389 483 1428 ε
495 1368 642 1429 tacebunt.
657 1368 770 1429 Litterae
781 1367 911 1429 eorum?

192 1485 196 1490 ·
230 1450 593 1516 decreto-decumanorum
611 1465 733 1508 remotae
748 1448 820 1508 sunt.
834 1448 910 1527 Qub

226 1550 277 1591 me
286 1532 370 1612 igitur
376 1534 506 1591 vertam?
517 1549 580 1589 rem
589 1545 649 1587 tam
658 1529 840 1609 improbam,
851 1531 910 1586 cri-

227 1630 298 1670 men
310 1627 395 1670 tantae
408 1610 552 1680 audaciae,
567 1625 711 1687 tantaeque
722 1606 910 1687 impudentiae

227 1705 351 1769 propter
364 1691 414 1749 ino
436 1692 493 1749 iam
503 1687 616 1748 testium
625 1709 658 1746 ac
667 1690 824 1748 litterarum
832 1709 910 1768 prae·

228 1712 912 1838 termittam?llonfaciam,ludices:utartestet

228 1852 311 1931 quo?
322 1850 356 1910 L.
372 1848 476 1909 Vettio
487 1846 613 1908 Chilone
625 1892 634 1921 ,
645 1848 766 1908 homine
775 1845 910 1929 equestris

228 1928 545 1989 ordinishonestissimo
555 1946 642 2009 atque
651 1930 831 1989 ornatissimo
843 1929 909 2009 :qui

227 2009 272 2069 isti
278 2012 317 2070 ita
327 2012 433 2070 amicus
442 2011 475 2070 &
484 2006 652 2069 neceffarius
664 2007 704 2068 est
715 2012 782 2083 ,ut,
790 2010 876 2069 etiarn
886 2010 911 2072 si

226 2094 273 2151 vir
285 2092 379 2152 bonus
399 2112 460 2151 non
477 2090 567 2162 effer,
578 2107 677 2150 tamen
689 2135 699 2164 ,
710 2090 790 2170 quod
807 2107 910 2149 contra

226 2170 910 2252 istumdiceret,gravevideretur:itavirbonus

228 2249 288 2325 est,
297 2269 328 2311 ut
340 2297 350 2324 ,
366 2254 454 2312 etiam
464 2254 487 2308 si
499 2251 708 2308 inimicissimus
717 2247 759 2307 isti
769 2247 855 2323 eilet,
865 2265 912 2308 ta·

227 2351 299 2391 men
311 2329 372 2403 eius
392 2329 557 2390 testimonio
578 2329 688 2387 credin
711 2345 829 2388 otteret.

273 2411 339 2486 167.
361 2409 527 2470 Admiratur
540 2410 572 2470 &
592 2349 754 2488 aspellat,
773 2408 911 2490 quidnam

227 2489 347 2552 Vettius
370 2490 493 2549 dihlurus
511 2492 557 2550 sit.
577 2487 657 2548 Nihil
678 2488 753 2548 dicet
777 2510 813 2549 ex
830 2508 911 2550 tem·

226 2593 302 2652 pore
317 2593 324 2630 :
340 2570 408 2630 nihil
425 2591 461 2630 ex
474 2568 520 2630 sua
537 2568 688 2631 voluntate
706 2591 713 2627 ε
730 2569 819 2642 nihil,
834 2588 866 2629 ut
883 2574 911 2630 ei

227 2655 369 2712 utrumvis
396 2649 502 2710 licuille
527 2650 667 2710 videatur.
689 2650 768 2709 Misit
793 2653 821 2709 in
840 2650 911 2710 Sici·

226 2733 295 2792 liam
312 2733 420 2792 litteras
441 2731 477 2791 ad
494 2729 713 2812 Carpinatium,
731 2752 819 2810 quum
840 2730 910 2792 effet

226 2812 360 2895 magister
378 2812 548 2892 scriptura,
567 2812 599 2870 &
618 2809 680 2889 ejus
697 2811 837 2871 societatis
856 2833 912 2892 pu·

226 2893 407 2953 blicanorum
433 2914 440 2951 :
464 2912 533 2972 quas
554 2911 612 2972 ego
640 2891 808 2971 Syracusis,
832 2915 888 2972 apu
914 2920 916 2922 ·

228 2971 428 3053 Carpinatium
438 2974 467 3030 in
483 2974 639 3032 littetarum
652 2971 798 3031 allatarum
809 2972 887 3032 libris
900 2994 911 3045 ;

227 3051 352 3126 Romae,
370 3054 399 3111 in
419 3052 575 3112 litterarum
593 3050 734 3111 millarum
753 3052 829 3133 apud
848 3074 912 3111 ma·

228 3129 346 3212 gistrum
357 3130 485 3191 Tullium
497 3178 507 3204 ,
519 3132 687 3191 familiarem
701 3149 781 3192 tuum
794 3135 916 3193 inveni:

227 3212 332 3294 quibus
347 3230 384 3274 ex
401 3213 499 3274 litteris
513 3212 723 3295 impudentiam
738 3212 916 3281 foeneratioe
