2550 4175
300 389 370 461 172
455 368 518 435 ΙΝ
558 371 796 433 VERREM

293 482 435 562 hospitem
463 498 581 553 meum,
610 480 642 537 &
666 480 821 554 amicum,
847 478 986 541 nobilem

292 563 466 631 hominem,
489 561 558 618 mihi
582 571 726 618 narrare:
771 579 842 618 uum
867 559 922 622 iste
949 562 986 621 ab

290 639 350 704 sese
370 641 505 722 hydriam
524 639 626 700 Boethi
646 659 734 699 manu
749 579 888 714 sacham,
908 662 988 723 prae-

291 723 370 782 claro
383 740 491 802 opere,
506 722 538 780 ὃ(
577 719 657 779 randi
674 719 833 801 pondere,
851 740 910 801 per
929 743 988 803 po·

292 803 425 863 testatem
446 742 598 861 abstuliset
616 845 626 874 ,
645 799 674 860 se
698 798 763 859 sane
785 799 927 876 tristem,
953 804 988 863 δι

291 882 492 952 conturbatum
506 883 627 941 domum
641 877 810 956 revertisse„
829 883 917 963 qubd
935 904 987 943 vas

292 962 458 1043 ejusmodi,
475 962 554 1043 quod
573 962 657 1020 sibia
677 977 779 1040 patre,
799 961 832 1021 &
849 984 867 1020 a
889 961 987 1038 majo·

291 1046 370 1104 ribus
387 1042 456 1103 esset
474 1042 627 1113 reficiam,
646 1062 706 1121 quo
729 1039 830 1101 solitus
849 1040 924 1104 esset
946 1046 989 1104 uti

292 1125 329 1183 ad
342 1121 428 1183 festos
447 1122 529 1194 dies,
543 1122 582 1182 ad
599 1120 744 1201 hospitum
762 1121 954 1197 adventum,
971 1145 989 1184 a

289 1204 320 1266 se
335 1202 404 1264 effer
423 1203 562 1262 ablatum.
578 1201 681 1281 Quum
693 1199 850 1276 sederem,
870 1204 986 1286 inquit,

291 1285 375 1344 domi
391 1282 495 1356 tristis,
516 1285 635 1342 accurrit
651 1281 817 1341 Venerius:
833 1279 923 1360 jubet
939 1305 987 1346 me

291 1365 417 1447 scyphos
437 1364 574 1445 sigillatos
594 1362 631 1422 ad
650 1379 806 1443 praetorem
821 1362 923 1424 statim
945 1364 988 1425 af·

291 1445 369 1507 serre
386 1467 394 1504 r
413 1463 563 1526 permotus
578 1442 639 1503 sum
654 1488 664 1517 ‚
681 1441 771 1523 inquit
793 1463 800 1500 ι
821 1443 916 1506 binos
935 1445 987 1505 ha-

291 1526 399 1586 bebam
418 1547 425 1583 :
447 1524 545 1609 jubeo¹
557 1526 653 1605 promi
672 1520 834 1603 utrosque,
861 1526 987 1607 nequid

292 1608 357 1688 plus
378 1605 445 1664 mali
466 1604 646 1676 nasceretur,
663 1604 695 1663 δι
711 1623 830 1664 mecum
849 1605 892 1665 ad
908 1628 987 1688 prae-

292 1690 364 1747 toris
380 1685 501 1743 domum
513 1685 581 1744 ferri
595 1705 602 1743 ε
620 1685 760 1761 civ-quum
774 1686 870 1745 venio
884 1731 894 1757 ‚
912 1708 988 1767 prae·

292 1783 343 1906 ἑοτ1
351 1764 515 1905 rppiescebac
526 1786 533 1823 z
545 1763 647 1904 fratrlep
661 1761 987 1907 ilhilebirattipam-

317 1869 359 1906 ua
382 1862 450 1905 ant:
483 1868 510 1904 ur
531 1866 691 1905 meurvr
714 1862 885 1916 erunt‚ur
916 1864 969 1908 unt

292 1926 443 2008 Pamphile
457 1868 630 2007 ,qinquiunt‚
643 1925 743 2005 scyphi
755 1925 766 1982 ἓ
777 1922 909 1988 ostendo
922 1891 987 1989 tris3

293 2010 329 2068 tis
345 2030 351 2067 :
369 2008 484 2068 laudant
505 2028 512 2066 :
531 2010 637 2088 incipio
655 2008 760 2088 queri,
782 2026 831 2066 me
848 2008 922 2068 nihil
939 2010 988 2070 ha·

292 2090 419 2150 biturum
429 2136 437 2161 ‚
449 2089 529 2169 quod
539 2086 657 2166 alicujus
665 2084 733 2147 esset
743 2090 828 2166 pretii
838 2131 849 2162 ,
860 2093 885 2149 si
896 2093 987 2151 etiam

293 2171 396 2252 scyphi
414 2169 502 2230 essent
519 2170 606 2228 ablati
618 2190 625 2226 :
637 2186 699 2227 tum
710 2168 750 2227 illi
760 2211 769 2239 ‚
779 2168 832 2227 ubi
846 2190 899 2233 me
914 2192 987 2233 con·

294 2252 440 2310 turbatum
459 2250 561 2308 vident
579 2271 586 2307 :
608 2251 741 2330 Quidvis
756 2250 838 2308 nobis
857 2253 927 2311 dare
937 2270 987 2324 ‚ur

293 2333 335 2407 iai
355 2332 402 2388 abs
418 2349 443 2388 re
454 2350 486 2387 ne
497 2330 682 2406 auferamur?
698 2349 735 2387 ne
752 2329 870 2403 multa,
885 2331 988 2393 sester-

294 2402 487 2548 hhhmz’
500 2406 987 2552 iiiih'hihiff‘fflird-i'im‘

294 2569 370 2652 phos
384 2531 485 2650 poscis.
498 2567 577 2628 Tum
595 2570 662 2630 illos
674 2508 790 2649 coepispse
803 2513 989 2651 praetpricgi·

295 2669 383 2722 cere,
403 2647 511 2729 putasse
527 2648 579 2719 se,
597 2649 626 2709 id
666 2650 725 2709 uod
744 2649 912 2727 audissent,
934 2656 989 2715 ali-

294 2726 374 2808 cujus
387 2732 472 2809 pretii
482 2728 609 2809 scyphos
618 2673 673 2791 esse
686 2729 828 2811 Pamphili
848 2752 856 2791 ι
873 2734 988 2796 luteum

294 2813 446 2891 negotium
465 2809 522 2871 effe
538 2856 547 2884 ,
563 2833 622 2870 non
639 2813 779 2892 dignum,
793 2814 883 2893 quod
893 2819 924 2876 in
937 2814 989 2877 suo

293 2908 417 2975 argento
441 2891 551 2954 Verres
578 2892 709 2955 haberet.
730 2891 784 2958 Ait
808 2893 862 2957 ille
874 2940 887 2974 ,
906 2897 990 2961 idem
