2550 4175
297 448 300 452 ¹
391 356 652 426 Acrroura
678 356 732 425 H.
757 356 793 426 L
818 357 886 427 m.
924 367 975 452 45·

315 470 452 552 uidquam
468 494 535 533 cum
547 471 600 533 isto
614 471 662 532 sui
672 473 821 534 voluntate
832 473 977 535 decidere.

294 490 499 612 dummirtebat
518 552 568 614 iste
591 551 829 626 Timarchidem,
846 557 895 636 qui
908 575 975 614 mo·

294 648 380 691 neret
404 651 477 706 eos,
503 636 527 694 si
550 631 704 727 saperent,
728 649 759 692 ut
777 638 978 716 transigerent.

293 709 509 793 Pernegabant.
529 712 612 792 Quid
622 713 758 795 ergodin
768 714 893 794 singulos
910 714 977 776 H-S

295 792 505 874 quinquagenis
524 793 648 853 millibus
667 793 796 853 damnari
822 795 980 859 mavultis!

295 871 389 933 Malle
410 873 555 933 dicebant.
572 872 652 934 Tum
667 872 717 933 iste
731 874 827 949 clare,
843 876 979 935 omnihus

290 952 500 1025 audientibus,
524 957 581 1035 Qui
599 957 746 1013 damnatus
766 956 837 1025 erit,
863 957 978 1035 inquit,

294 1035 382 1115 virgis
397 1036 438 1092 ad
445 1056 534 1093 necem
550 1037 672 1095 caedetur.
690 1034 747 1094 Hic
762 1034 803 1094 illi
812 1034 915 1095 flentes
928 1056 981 1095 ro·

296 1132 367 1192 gare
386 1130 472 1196 atque
491 1134 574 1175 orare
597 1132 770 1195 coeperunt,
786 1130 818 1174 ut
843 1115 898 1174 sibi
917 1113 980 1176 suae

294 1192 427 1275 segetes,
448 1193 612 1276 frustusque
636 1214 765 1269 omnes,
782 1195 982 1278 arationesque

295 1294 403 1333 vacuas
428 1273 564 1355 Apronio
585 1274 700 1335 tradere
720 1276 849 1336 liceretr
875 1292 907 1334 ut
926 1273 986 1357 ips'i

299 1356 361 1412 sine
380 1356 561 1436 ignominia,
581 1353 769 1436 molestiaque
790 1352 980 1415 discederent.

299 1432 367 1492 Hac
376 1433 442 1528 lege
452 1478 461 1506 ‚
471 1434 606 1508 Iudices,
619 1434 754 1514 decumas
767 1434 983 1495 vendiditVer·

299 1532 356 1572 res.
373 1510 463 1573 Dicat
477 1513 544 1574 licet
560 1515 752 1589 Hortensius,
765 1518 789 1574 si
804 1515 906 1592 volet,
921 1536 984 1577 ma·

299 1614 360 1677 gno
369 1591 681 1654 Verremvendidiffe.

342 1671 473 1733 XXIX.
492 1673 565 1734 Haec
578 1674 709 1737 conditio
724 1673 777 1735 fuit
793 1674 846 1736 isto
858 1692 982 1757 praetore

300 1772 447 1815 aratorum
461 1799 470 1827 ‚
482 1770 513 1814 ut
529 1749 626 1815 secum
644 1754 780 1836 praeclare
798 1757 844 1851 agi
863 1756 985 1817 arbitra·

300 1850 421 1906 rentur,
439 1836 464 1893 si
479 1855 587 1895 vacuos
604 1855 690 1917 agros
709 1833 845 1916 Apronio
868 1836 982 1897 tradere

300 1917 425 1976 liceret:
442 1914 545 1974 multas
562 1916 639 1974 enim
656 1935 753 1975 cruces
789 1915 986 1995 roposirasef-

300 1993 408 2075 fugere
417 1994 588 2073 cupiebant:
607 2010 747 2074 quantum
787 1996 908 2132 pronius
921 1993 990 2074 edi·¹

302 2071 385 2135 diiier
403 2073 523 2148 deberi,
541 2089 654 2134 tantum
678 2093 714 2132 ex
739 2070 785 2133 edi
815 2094 834 2133 o
858 2071 986 2133 dandum

303 2173 376 2217 erat.
387 2151 519 2215 Etiamne
529 2156 552 2213 si
561 2150 625 2235 plus
636 2147 881 2235 edidiffet‚qu⁸am
891 2174 987 2235 quan·

302 2254 366 2296 tum
378 2230 481 2301 natum
491 2232 579 2296 ess'et?
590 2232 694 2294 Etiam.
708 2233 875 2313 Quomodo
890 2233 900 2294 ?
914 2234 986 2296 Ma-

304 2312 434 2399 gistratus
443 2335 479 2377 ex
488 2316 575 2396 ipsius
589 2312 684 2374 edidio
698 2316 814 2397 exigere
828 2313 986 2377 debebant.

305 2399 349 2458 Ar
368 2396 466 2456 ara'tor'
478 2413 610 2477 repetere
626 2412 752 2475 poterat.
770 2394 882 2456 Verum
896 2397 988 2457 Arre·

304 2476 420 2539 mido'ro
434 2474 647 2558 recuperatore.
658 2474 740 2553 Quid
754 2520 764 2548 ,
781 2479 804 2534 si
818 2475 911 2534 minus
922 2499 987 2536 ara-

305 2576 354 2616 tor
370 2554 510 2629 dediffer,
524 2555 610 2636 quiam
624 2553 798 2635 poposcisset
810 2555 988 2636 Apronius?

305 2637 449 2698 Judicium
464 2639 499 2694 in
515 2637 657 2695 aratorem
674 2637 702 2694 in
724 2635 923 2716 quadruplum.
942 2635 987 2696 Ex

307 2739 366 2797 quo
387 2715 515 2794 judicum
533 2715 679 2780 numero?
700 2714 744 2774 Ex
766 2717 888 2776 cohorte
899 2775 901 2777 ,
912 2739 988 2798 prae·

308 2799 379 2854 roris
393 2796 527 2874 praeclara
545 2797 697 2861 hominum
710 2795 987 2858 honestissimorum.

306 2875 394 2956 Quid
412 2876 552 2956 amplius?
570 2877 663 2936 minus
680 2892 710 2935 te
725 2873 856 2958 jugerum
870 2876 992 2958 profes-¹
