2550 4175
294 675 375 771 '476
520 675 807 745 Onnito-

294 813 383 873 quum
401 791 513 855 vestros
536 808 660 873 portus,
683 798 768 873 atq'ue
785 810 839 851 eos
853 805 979 871 portus,

308 875 396 932 ‘uibus
413 877 504 934 vitam
526 870 701 952 &spiritum
722 872 842 946 ducitis,
861 874 891 930 in
909 893 982 952 prae·

293 894 406 1011 ionum
423 953 501 1016 fuiffe
516 951 689 1036 potestatem
709 950 823 1013 sciatis?
846 951 897 1011 An
907 952 982 1014 verb

291 1035 431 1115 ignoraris
447 1082 456 1110 ‚
473 1052 591 1117 portum
609 1031 721 1111 Cajetae
737 1032 981 1106 celeberrimum,

293 1120 380 1197 aitque
403 1116 603 1197 plenissimum
631 1117 748 1174 navium
770 1159 780 1187 ‚
802 1112 981 1195 inspestante

316 1214 441 1272 raetore‚
458 1220 473 1257 a
489 1196 674 1279 praedonibus
690 1193 746 1255 effe
760 1195 911 1275 direptum
924 1194 935 1254 i
948 1214 981 1255 ex

293 1215 412 1337 iriiseno
433 1295 555 1349 autem,
577 1274 641 1355 ejus
666 1278 754 1356 ipsius
774 1274 910 1349 liberos,
936 1276 980 1415 prin

296 1377 363 1415 curn
382 1358 565 1438 pradonibus
591 1373 678 1416 antea
703 1357 744 1414 ibi
763 1355 876 1415 bellum
918 1376 935 1415 e
958 1375 980 1416 e

295 1453 364 1508 rat,
386 1460 404 1497 a
432 1436 616 1518 praedonibus
645 1432 701 1497 effe
728 1434 881 1496 sublatos?
897 1376 980 1496 iiam

316 1517 365 1575 uid
388 1539 446 1599 ego
473 1517 608 1579 Ostiense
630 1515 876 1589 incommodum,
898 1532 979 1598 atque

294 1537 375 1659 iilam
395 1599 490 1661 labem
507 1615 594 1679 atque
610 1599 799 1679 ignominiam
815 1597 981 1678 reipublice

296 1699 517 1761 querar‚quum
528 1701 600 1760 ‚pro
624 1677 868 1758 'einspeRantibus
876 1678 980 1751 vobis,

297 1760 394 1819 classis
411 1781 465 1832 ea,
477 1763 522 1820 cui
538 1700 639 1822 coniill
654 1759 755 1840 populi
769 1757 902 1819 Romani
914 1782 982 1840 pre-

297 1843 407 1921 positus
430 1840 524 1914 effer,
548 1864 564 1900 a
586 1840 770 1922 praedonibus
790 1860 823 1898 ca
848 1857 879 1900 ta
898 1858 981 1922 atque

299 1920 433 2000 oppressa
453 1920 517 1981 est?
537 1921 615 1982 Proh
632 1922 671 1979 dii
688 1861 896 1981 immortaies!
921 1939 983 1981 tan·

284 2015 397 2061 “tamne
416 2005 499 2061 unius
515 2002 641 2061 hominis
656 1999 832 2061 incredibilis
842 2022 877 2060 ac
888 2001 983 2062 divina

297 2082 389 2140 riirtus
412 2099 472 2142 tarn
491 2082 576 2143 bre'vi
593 2101 728 2164 tempore
755 2082 854 2142 lucem
882 2080 984 2144 afferre

297 2162 460 2242 reipublicae
472 2165 587 2244 potuit,
604 2180 635 2223 ut
646 2184 723 2237 vos,
779 2164 786 2178 ’
805 2161 903 2223 modi>
919 2181 983 2224 ante

299 2240 404 2304 ostium
424 2243 597 2307 Tiberinum
618 2183 881 2305 claffemiiistium
899 2244 984 2305 vide·

297 2323 391 2400 batis,
412 2325 432 2385 ii
448 2347 523 2386 nunc
542 2324 652 2386 nullam
665 2327 738 2385 intra
749 2321 867 2384 Oceani
881 2321 985 2385 ostium

297 2404 470 2488 predonum
486 2428 593 2468 navem
608 2403 668 2466 ess'e
677 2402 821 2465 audiatis?

349 2503 397 2565 34.
424 2485 526 2569 Atque
556 2488 617 2547 haec
645 2486 701 2568 qui
727 2484 879 2545 celeritate
909 2482 987 2568 gesta

297 2568 376 2641 sint,
390 2589 565 2650 quamquam
582 2567 688 2628 videtis
702 2611 711 2640 ‚
727 2582 826 2626 tamen
843 2586 862 2624 a
885 2586 938 2627 me
957 2567 987 2624 in

300 2645 427 2709 dicendo
438 2648 638 2730 praetereunda
650 2669 711 2706 non
720 2646 794 2707 sunt.
811 2643 892 2725 Quis
909 2647 988 2707 enim

301 2747 461 2807 umquam,
483 2746 532 2789 aut
550 2729 679 2790 obeundi
694 2728 823 2809 negotii,
843 2741 894 2785 aut
911 2747 988 2787 con-

300 2804 438 2886 sequendi
457 2808 577 2888 quaessirs
597 2807 711 2882 studio,
730 2824 790 2867 tam
806 2806 895 2868 brevi
909 2824 989 2868 tem·

301 2905 376 2967 pore
391 2904 436 2947 tot
461 2889 527 2948 loca
543 2888 643 2962 adire,
657 2905 755 2948 tantos
773 2885 867 2947 cursus
890 2885 990 2949 confi-

302 2986 369 3027 tere
381 2969 492 3049 potuit,
503 2967 590 3049 quam
605 2968 736 3028 celeriter
746 3013 756 3041 ‚
766 2965 825 3028 Cn.
840 2964 992 3049 Pompeia

302 3045 400 3121 duce,
417 3048 486 3111 belli
508 3051 632 3132 impetus
650 3045 820 3130 navigavit?
838 3048 890 3130 qui
913 3070 993 3108 non·

304 3126 375 3186 dum
387 3129 559 3212 tempestivo
582 3129 620 3190 ad
635 3128 831 3212 navigandum
850 3131 928 3192 mari
943 3129 992 3190 Si-

265 3252 268 3257 ·
303 3208 398 3274 tiliam
425 3212 523 3292 adiit,
550 3209 680 3274 Africam
701 3208 868 3294 exploravit
889 3229 899 3271 ε
918 3209 993 3276 iude
