2550 4175
273 409 351 462 200
460 386 523 451 Iu
567 387 817 452 VERREM

271 502 386 595 regibus
403 502 499 559 ornari
513 520 574 560 non
594 498 634 560 est
652 496 766 638 P²ff3¹⁸:l
778 495 824 557 lta
871 517 889 558 e
909 497 964 560 huc

271 578 967 754 Istlnl‘lissufflsslfzzll„5221231‘02512

275 742 356 801 duxit
374 762 381 800 :
402 743 442 800 ita
456 740 515 802 sese
531 744 561 801 in
577 761 611 802 ea
628 741 787 821 provincia
801 759 861 820 per
878 741 967 802 trien·

273 824 353 881 nium
372 824 479 904 gessit,
498 838 529 882 ut
547 819 654 881 abillo
672 841 735 880 nou
752 819 855 882 solum
871 819 967 882 homi·

273 902 378 977 nibus,
393 905 494 962 verium
505 904 592 963 etiam
607 901 661 962 diis
675 901 900 962 immortalibus
908 902 965 963 bel·

272 983 334 1044 lurn
349 982 485 1042 indiIlum
502 999 661 1063 putaretur.

316 1061 491 1123 XXXIII.
512 1063 629 1147 Segella
642 1059 683 1122 est
693 1060 844 1143 oppidum
862 1079 967 1143 perve-

273 1159 320 1204 tus
336 1145 365 1201 in
385 1142 507 1217 Sicilia,
532 1144 673 1216 Iudices,
698 1142 783 1223 quod
809 1143 850 1202 ab
876 1143 966 1204 AEnet

275 1223 405 1306 fugiente
423 1245 439 1284 a
457 1222 550 1304 Troia
563 1269 573 1300 ,
588 1239 616 1283 at
637 1243 675 1284 ue
692 1224 723 1282 in
744 1223 812 1284 haec
831 1223 904 1284 lota
922 1242 967 1284 ve·

276 1307 401 1378 niente,
420 1305 571 1365 conditum
588 1324 605 1364 e
628 1324 646 1364 e
668 1301 891 1364 demonstrant.
907 1301 966 1364 Ita-

277 1405 334 1467 que
346 1384 492 1467 Segestani
506 1430 515 1459 ‚
530 1406 592 1445 non
605 1383 698 1445 solum
712 1383 866 1464 perpetui
877 1382 968 1445 socie·

277 1482 337 1527 tate
358 1483 444 1547 atque
460 1465 723 1539 minutantur
742 1468 838 1524 etiam
864 1485 902 1526 co
956 1497 967 1511 ·

277 1549 359 1607 tione
376 1547 406 1607 se
426 1568 545 1627 cumpo
587 1545 618 1605 lo
634 1544 777 1606 Romano
793 1541 909 1626 conjuu
935 1566 966 1608 os

278 1625 336 1687 effe
352 1627 533 1686 arbitrantur.
547 1567 621 1687 linc
693 1624 786 1686 ndum
803 1625 967 1709 oppidum,

277 1706 642 1848 flllzzil‘tzfillt
663 1705 968 1850 XXXIII:

275 1867 332 1927 bus
341 1867 372 1926 vi
389 1808 506 1948 criptum
523 1884 610 1949 atque
627 1832 757 1929 deletum
772 1868 814 1930 est
828 1807 967 1942 iomnir·

320 1966 337 2009 e
353 1991 363 2021 ,
377 1968 439 2028 quae
466 1965 639 2011 ornamento
661 1948 725 2008 urbi
741 1945 802 2012 effe
827 1947 968 2030 pollent,

309 2029 486 2112 atthaginem
508 2029 570 2091 sunt
589 2048 625 2092 ex
644 2028 696 2090 illo
713 2026 786 2091 loco
799 2027 968 2113 deportate.

277 2109 345 2173 Fuit
363 2111 440 2192 apud
456 2110 628 2194 Segestanos
645 2129 681 2175 ex
701 2128 759 2171 aere
780 2110 969 2173 simulacrum

277 2188 384 2253 Dianae
399 2213 489 2272 quum
512 2190 642 2264 summi,
662 2206 748 2272 atque
766 2192 970 2275 antiquissimi

276 2270 429 2410 unu
442 2272 683 2417 :tulitin
698 2272 879 2414 uuit
903 2292 976 2415 ‘n-

278 2371 509 2514 Carthagiiemp‚
536 2434 634 2493 locum
659 2433 795 2505 tantitm,
815 2432 970 2497 homines·

278 2530 336 2593 que
350 2528 489 2572 mutarat:
505 2515 677 2596 religionem
687 2510 807 2593 quidem
817 2513 971 2609 pristinam

278 2590 470 2655 conservabat
485 2616 495 2653 .·
512 2609 580 2653 nam
596 2615 650 2675 pro
672 2609 716 2654 ter
738 2594 884 2656 eximiam
903 2596 972 2678 pul-

279 2671 491 2744 chritudinem,
508 2676 595 2734 etiam
605 2616 733 2735 holthus
747 2672 866 2757 digna,
884 2696 973 2760 quant

278 2750 450 2815 santiissime
467 2755 616 2829 colerent,
627 2754 791 2815 videbatur.

321 2850 371 2911 73.
385 2834 508 2916 Aliquot
516 2835 614 2897 seculis
629 2833 694 2915 pltst
706 2833 756 2911 ,P.
771 2832 880 2917 Scipio
889 2836 975 2901 bello

280 2911 390 2991 Punico
406 2918 494 2984 tertio
512 2914 720 3001 carthaginen
737 2917 816 2999 ,cepit
835 2936 845 2981 t
866 2938 929 3005 qua
945 2922 977 2991 in
