2550 4175
919 369 1078 472 ‘464
1366 366 1834 433 ORATIO

919 481 1128 543 tissimi
1146 519 1168 552 -‚
1187 478 1284 539 sed
1307 481 1481 539 etiam
1516 478 1713 540 vestris
1739 477 1912 540 sociis·
1923 495 2106 559 atque
2138 496 2217 537 an*

920 563 1000 620 cis
1044 582 1060 619 :
1100 562 1360 620 civitates
1394 576 1586 620 autern
1619 580 1826 620 omnes
1852 605 1870 634 ‚
1909 558 2114 619 cuneta
2148 558 2217 617 A:

917 658 1090 723 atque
1127 638 1353 700 Graecia
1399 639 1653 702 vestrum
1685 642 1951 701 auxilium
1995 636 2217 719 exspefi

917 741 982 782 re
1017 766 1037 793 ,
1077 740 1321 801 propter
1360 722 1598 802 periculi
1637 721 2099 803 magnitudinem
2121 763 2143 789 ,
2180 738 2212 777 c

919 819 1128 883 guntur
1161 822 1174 860 ε
1216 805 1626 882 imperatorem
1661 824 1691 861 a
1720 802 1895 861 vobis
1925 817 2155 860 certum
2191 798 2217 857 d

914 881 1202 963 poscere,
1240 903 1416 963 quum
1455 882 1764 963 praeser'tim
1800 903 1912 941 vos
1958 881 2136 940 alium
2182 900 2217 938 1:

918 961 1136 1037 seritis,
1174 983 1362 1043 neque
1398 963 1612 1022 audent
1637 1008 1661 1032 ,
1691 982 1882 1042 neque
1914 960 1975 1019 id
2010 963 2069 1019 se
2097 960 2217 1020 face

914 1044 1143 1104 summo
1185 1045 1307 1102 sine
1342 1043 1599 1123 periculo
1641 1041 1803 1121 posse
1844 1042 2212 1101 arbitrantur.

1012 1141 1102 1202 ¹3·
1142 1122 1366 1183 Vident
1392 1124 1453 1182 ὃ(
1480 1121 1725 1183 sentiunt
1754 1124 1868 1181 h'oc
1888 1122 2047 1181 idem
2078 1166 2098 1195 ,
2132 1142 2217 1203 qu·

918 1224 1030 1265 vos
1051 1249 1071 1276 ,
1097 1224 1278 1263 unum
1305 1205 1490 1264 virum
1525 1200 1637 1264 esse
1663 1250 1679 1277 ‚
1704 1205 1761 1262 in
1791 1224 1909 1284 quo
1936 1202 2161 1261 summa
2187 1224 2212 1261 s

919 1287 1117 1345 omnia
1142 1330 1159 1358 ,
1185 1285 1248 1345 ὃ(
1287 1305 1421 1346 eum
1438 1283 1628 1375 prope
1659 1282 1770 1345 effe
1796 1292 1822 1359 ζ
1849 1283 1963 1364 qub
1994 1284 2217 1342 etiam<

921 1383 1051 1425 rent
1083 1364 1329 1448 aegrius)
1366 1386 1523 1447 cujus
1544 1364 1797 1426 adventu
1831 1362 1954 1443 ipso
1988 1380 2167 1444 atque
2187 1384 2217 1423 n

920 1450 1080 1507 mine
1103 1491 1122 1521 ,
1156 1448 1386 1507 tametsi
1422 1446 1519 1506 ille
1560 1445 1634 1505 ad
1684 1447 2037 1504 maritimum
2074 1444 2217 1504 belh

920 1530 1150 1588 venerit
1171 1573 1190 1600 ,
1222 1544 1417 1587 tamen
1449 1530 1698 1607 impetus
1734 1524 1981 1587 hostium
2010 1524 2217 1606 repress

916 1606 1037 1667 esse
1099 1608 1277 1670 intelli
1326 1624 1425 1667 unt
1479 1630 1545 1667 ac
1597 1606 1941 1669 retardatos·
2002 1606 2088 1665 Hi
2138 1629 2217 1666 vo

920 1690 1198 1768 quoniam
1239 1630 1419 1747 ligere·
1456 1686 1618 1769 loqui
1652 1687 1931 1747 nonlicet
1950 1730 1970 1760 ‚
1990 1687 2171 1746 tacite
2196 1710 2217 1746 r

919 1783 1059 1849 gant
1083 1812 1100 1840 ‚
1123 1783 1184 1826 ut
1220 1766 1276 1827 se
1317 1787 1552 1848 quoque
1581 1811 1599 1840 ‚
1634 1770 1780 1828 sicut
1804 1784 2130 1829 ceterarum
2156 1790 2217 1848 pr

919 1848 1239 1908 vinciarum
1272 1846 1460 1908 socios
1490 1894 1509 1923 ,
1546 1848 1753 1931 dignos
1782 1846 1894 1909 effe
1925 1845 2214 1908 existimet

964 1949 1173 1989 uorum
1223 1926 1462 1990 salutem
1516 1929 1615 1991 tali
1660 1928 2217 1991 viro-commendet

918 1947 1126 2092 atque
1169 2008 1285 2070 hoc
1324 2012 1498 2072 etiam
1542 2012 1721 2106 magis
1750 2054 1769 2083 ‚
1807 2008 1981 2092 quam
2018 2025 2217 2070 cetero

922 2091 1084 2172 qubd
1103 2085 1388 2171 ejusmodi
1411 2094 1467 2151 in
1488 2093 1849 2174 provmciam
1870 2090 2143 2165 homines
2166 2112 2217 2150 ct

921 2172 1172 2252 imperio
1212 2173 1486 2234 mittimus
1517 2217 1537 2247 ‚
1568 2189 1631 2232 ut
1652 2217 1672 2246 ‚
1706 2173 1882 2233 etiam
1919 2173 1967 2231 si
2006 2169 2082 2229 ab
2130 2170 2214 2230 ho

924 2252 1244 2313 defendant
1265 2299 1285 2328 ,
1304 2271 1502 2315 tamen
1523 2252 1772 2337 ipsorum
1801 2251 2090 2312 adventus
2122 2253 2217 2311 ini

923 2332 1032 2395 bes
1062 2332 1349 2396 sociorum
1374 2375 1392 2404 ‚
1424 2355 1544 2394 non
1584 2334 1830 2394 multum
1871 2333 1944 2392 ab
1978 2328 2173 2392 hostili
2196 2352 2217 2392 ε

922 2415 1284 2495 pugnatione
1322 2412 1604 2476 differant.
1646 2414 1820 2474 Hunc
1848 2411 2165 2473 audiebant
2199 2435 2217 2471 ε

924 2508 1020 2579 τέει
1049 2537 1070 2572 ,Ι
1102 2514 1254 2553 nunc
1283 2493 1622 2575 praesentem
1660 2494 1865 2556 vident
1887 2539 1907 2567 ,
1940 2491 2099 2552 tanta
2132 2509 2217 2552 tet

921 2573 1185 2654 perantia
1206 2617 1227 2647 ,
1264 2575 1425 2634 tanta
1459 2573 1889 2636 mansuetudine
1912 2617 1931 2647 ,
1979 2571 2147 2631 tanta
2185 2573 2217 2632 h

924 2654 1201 2714 manitate
1223 2696 1243 2726 ,
1272 2669 1336 2712 ut
1373 2653 1412 2712 ii
1442 2654 1756 2714 beatissimi
1788 2651 1902 2714 effe
1936 2651 2217 2713 videantu

922 2732 1081 2813 apud
1113 2753 1259 2816 quos
1297 2731 1394 2796 ille
1431 2735 1744 2795 diutissime
1775 2750 2197 2795 commoratur.

1009 2811 1130 2872 VI.
1175 2814 1377 2894 Quare
1403 2859 1422 2889 ,
1470 2819 1518 2876 si
1569 2832 1811 2897 propter
1848 2814 2034 2874 socios
2068 2857 2089 2885 ‚
2139 2824 2217 2874 'nu

926 2896 1037 2979 ipsi
1075 2890 1289 2976 injuria
1324 2897 1578 2980 lagessiti
1599 2930 1626 2972 ,-
1654 2893 1910 2978 majores
1947 2890 2125 2957 vestri
2160 2916 2217 2960 ct
