2550 4175
396 367 500 440 Prto
525 366 573 439 A.
599 359 826 440 cmm.-
896 385 979 463 445

292 482 472 548 defensionis
487 498 556 544 tuac⁸
576 479 611 542 ln
634 502 702 542 eurn
719 483 811 565 ipsum
829 483 910 545 causa
926 501 977 546 tua

293 568 439 638 incurrat,
460 561 574 623 necesse
590 560 642 623 est.
659 561 723 644 Ego
740 568 816 626 enirn
834 567 888 626 tibi
904 563 977 626 refe·

292 668 344 710 to:
359 646 390 707 Si
406 666 465 706 non
481 643 542 703 sum
558 663 594 704 ex
612 663 649 702 eo
664 643 731 704 loco
749 643 900 723 dejedius,
937 645 976 706 ub

292 727 455 811 prohibitus
474 722 536 783 sum
557 724 720 796 accedere,
744 743 773 784 at
798 745 835 785 ex
857 748 894 788 eo
914 666 976 788 dum

293 806 445 879 deiedius,
465 805 525 884 quo
541 806 670 877 accessi,
685 804 761 864 unde
779 803 849 887 fugi.
863 806 893 868 Si
903 828 977 887 prae·

293 905 342 947 tor
366 908 427 946 non
450 884 572 944 distinxit
594 884 713 957 locum,
731 885 788 964 qud
807 906 854 946 me
871 885 979 948 restitui

293 965 408 1046 juberet
423 1012 433 1040 ,
448 965 481 1025 &
497 963 604 1025 restitui
614 962 715 1045 jussit:
731 985 792 1026 non
803 964 864 1026 sum
878 985 914 1028 ex
927 965 980 1030 de·¹

293 1065 377 1109 creto
388 1045 542 1109 restitutus.

335 1128 386 1209 85.
396 1128 495 1189 Velim
506 1124 778 1207 ,Recuperotores,
792 1125 850 1188 hoc
860 1143 954 1189 totum
965 1137 978 1203 ‚'

293 1212 318 1269 si
333 1210 419 1272 vobis
437 1205 597 1280 versutius,
610 1206 697 1288 quiana
714 1228 780 1269 mea
797 1208 976 1270 consuetudo

294 1287 571 1358 defendendi'fert,
590 1288 759 1362 videbitur,
776 1289 816 1347 sic
833 1287 979 1349 existime-

293 1373 330 1430 tis
341 1392 348 1430 :
359 1372 485 1452 primirm
497 1369 606 1439 aliurn,
622 1388 683 1427 non
700 1388 771 1443 me,
786 1366 976 1449 excogitasse:

295 1451 403 1512 deinde
421 1447 505 1530 hujus
521 1449 639 1507 tationis
655 1468 718 1508 non
741 1449 832 1509 modi>
851 1469 911 1507 non
930 1451 979 1509 in·

294 1548 452 1592 ventorem
464 1575 474 1604 ,
486 1528 536 1589 sed
545 1547 581 1588 ne
590 1529 777 1609 probatorem
789 1528 908 1609 quidem
918 1526 977 1590 ess‘o

294 1632 344 1673 me
360 1611 467 1693 :idque
482 1628 529 1670 rne
546 1630 606 1668 non
616 1608 652 1667 ad
667 1629 762 1668 meam
774 1609 980 1672 defensionem

295 1690 417 1753 attulisse
431 1738 441 1768 ,
461 1690 511 1764 sed
526 1690 642 1750 illorum
656 1687 821 1749 defensioni·
834 1690 978 1753 retulisset

294 1795 344 1835 me
360 1771 441 1855 poffe
458 1767 514 1855 pio
532 1791 601 1832 mco
619 1767 682 1850 jure
699 1770 817 1844 dicere,
832 1792 932 1854 neque·
945 1774 976 1834 in

294 1854 349 1914 hac
368 1875 420 1929 re,
461 1874 527 1913 uam
546 1872 603 1932 ego
620 1852 748 1932 protuli,
770 1855 857 1930 quaeri
882 1875 979 1934 oporv

294 1951 357 1995 tere
372 1979 382 2009 ,
400 1875 502 2016 quidus
520 1932 618 1992 verbis
630 1947 736 2012 praetor
750 1932 917 2004 interdixit,
929 1931 979 1992 sed

296 2016 334 2075 de
355 2035 413 2098 quo
432 2014 500 2073 loco
515 2014 551 2071 sit
569 2011 661 2071 actum
676 2056 685 2085 ,
702 2030 791 2093 quum
808 2012 980 2072 interdixitt

295 2115 392 2176 neque
409 2097 438 2154 in
457 2097 487 2155 vi
501 2110 676 2153 armatorum
686 2090 806 2173 spedari
820 2108 958 2172 oportere
967 2134 984 2167 ,.

295 2179 325 2245 in
338 2197 397 2256 quo
410 2175 479 2237 loco.
492 2174 527 2232 sit
542 2172 615 2233 facia
629 2176 674 2232 vis
687 2217 697 2248 ,
711 2176 815 2233 vernn
833 2175 907 2232 sitne
924 2171 983 2233 fac·

296 2275 326 2319 ta
344 2277 351 2315 :
372 2272 402 2317 te
415 2254 487 2317 veri>
503 2254 583 2314 nullo
596 2254 690 2315 inodo
701 2250 782 2334 poffe
799 2250 982 2327 defendere,

294 2340 325 2399 in
350 2357 406 2418 qua
429 2355 461 2397 re
479 2349 511 2393 tu
528 2334 626 2409 veiis,
643 2336 737 2397 verba
753 2332 872 2414 {pedari
888 2352 980 2415 opor·

295 2434 359 2481 tere
374 2438 384 2490 3
397 2420 426 2477 in
441 2436 496 2498 qua
516 2434 547 2475 te
563 2414 660 2488 nolis,
675 2434 735 2474 non
748 2430 903 2509 oportere,
932 2420 973 2489 ‹f-

296 2496 447 2658 ,itit
463 2456 1044 2891 ᾎἯῑᾋῑεῑᾎῖ

297 2655 389 2715 foliam
409 2676 440 2715 re
455 2658 487 2714 δι
498 2653 659 2728 seniendi,
679 2652 731 2715 sed
747 2674 801 2717 ver
817 2656 829 2723 ,¹

298 2737 357 2796 hoc
379 2734 561 2793 interdictum
581 2730 695 2793 'ttaeffe
712 2750 781 2805 eom

298 2814 368 2876 nihil
387 2812 624 2872 commutandum
638 2810 790 2871 rideretur
801 2816 825 2877 i,
837 2876 846 2903 ἱ,
888 2839 891 2844 -

299 2895 476 2977 diligenter,
498 2890 627 2973 queso,
656 2886 767 2975 Remo,
784 2956 801 2965 Η
