2550 4175
388 679 643 749 Aeuom
666 678 713 750 11.
737 678 775 750 l„
794 680 856 750 IV.
899 697 973 779 179

288 795 481 876 capitalium:
502 816 599 878 neque
621 794 714 858 solbrn
734 794 888 876 praesentes
907 815 977 858 teos

292 875 376 949 fieri,
392 875 540 939 sedetiam
549 876 689 938 absentes.
706 874 858 938 Diodorus
870 876 976 937 Rome

290 956 453 1017 sordidatus
473 960 581 1017 circum
599 974 760 1038 patronos,
775 974 860 1038 atque
876 955 978 1038 hospi-

293 1056 339 1099 tes
357 1036 467 1098 cursare
481 1058 564 1099 :rem
574 1038 710 1098 omnibus
724 1058 848 1100 narrare.
861 1037 978 1099 Littera

294 1121 447 1179 mittuntur
474 1116 517 1178 isti
532 1141 560 1180 ,ι
585 1134 668 1199 patre
695 1117 908 1192 vehementes3
939 1119 978 1184 ab

294 1201 395 1257 amicis
419 1201 512 1273 item3
537 1199 673 1272 videret,
696 1198 765 1279 quid
790 1215 913 1280 ageret,
939 1198 988 1260 de

292 1278 432 1344 Diodoto
449 1281 507 1361 qub
526 1279 752 1363 progrederetur
769 1300 777 1338 ε
792 1299 855 1339 rem
871 1278 978 1341 claram

296 1356 377 1431 effe,
398 1361 430 1421 &
446 1360 616 1422 invidiosam
633 1381 642 1421 z
664 1358 786 1421 insanire
806 1360 978 1421 hominem:

318 1442 454 1501 eriturum
471 1441 528 1502 hoc
542 1463 603 1503 uno
623 1442 765 1517 crimine,
783 1443 837 1501 nisi
850 1439 978 1503 caviffet.

294 1461 350 1582 fste
363 1524 451 1582 eriam
470 1538 533 1584 tum
545 1540 682 1603 patrem,
698 1524 722 1582 si
740 1543 802 1584 non
822 1524 851 1582 in
869 1543 980 1604 paren·

295 1604 355 1673 tis,
374 1618 404 1661 at
419 1602 448 1661 in
465 1602 618 1663 hominum
637 1622 760 1663 nurnero
774 1601 893 1682 putabat
912 1623 921 1661 r
941 1601 980 1664 ad

296 1676 436 1760 judicium
449 1682 581 1742 nondum
597 1681 626 1743 se
639 1682 704 1741 satis
719 1680 887 1742 instruxerat
900 1703 907 1741 τ
919 1683 982 1765 pri-

298 1782 364 1821 mus
388 1781 477 1820 annus
500 1778 563 1822 erat
589 1762 746 1841 provindae
765 1781 775 1834 3
793 1782 876 1835 non,
899 1779 932 1822 ut
952 1763 982 1824 in

294 1840 421 1901 Sthenio
436 1837 516 1919 ‚jam
528 1841 649 1902 refertus
663 1841 786 1923 pecunia
801 1863 809 1902 τ
822 1843 919 1923 itaque
931 1840 982 1902 fu·

296 1944 347 1984 ror
358 1920 420 1999 ejus
430 1966 440 1994 ‚
450 1923 596 2003 paululum
612 1945 673 1984 non
686 1921 799 2004 pudore
811 1968 823 1995 ,
837 1921 887 1986 sed
901 1939 983 1984 metu

297 2025 333 2062 ac
345 2006 451 2063 timore
462 2002 601 2085 tepreffus
610 2001 652 2066 est
670 2024 678 2063 t
696 2004 893 2066 condemnere
903 2003 984 2066 Dio·

298 2084 405 2145 dorum
423 2106 483 2146 non
497 2085 585 2148 audet
605 2107 612 2146 ε
630 2084 779 2147 absentem
798 2086 836 2148 de
850 2090 904 2149 reis
919 2090 985 2149 exi·

298 2167 364 2225 mit.
377 2165 529 2227 Diodorus
539 2169 669 2240 interea,
686 2185 811 2249 praetore
824 2167 896 2241 isto,
911 2189 986 2248 pro-

299 2246 338 2326 pe
355 2248 506 2308 triennium
524 2249 697 2329 provincie,
719 2250 869 2328 domoque
884 2253 985 2311 caruit.

301 2324 406 2387 Ceteri
418 2349 478 2388 non
493 2327 586 2389 solhm
603 2327 714 2400 Siculi,
732 2327 783 2387 sed
801 2331 888 2387 etiam
905 2329 985 2389 cives

301 2405 429 2468 Romani
445 2409 502 2470 hoc
512 2409 688 2482 statuerant,
702 2408 840 2489 quoniam
857 2406 907 2466 iste
919 2426 987 2469 tan·-
1021 2477 1023 2481 .
1084 2412 1101 2433 '·

302 2504 366 2549 tum
384 2490 542 2570 cupiditate
553 2489 801 2572 progrederetur,
822 2489 891 2547 nihil
907 2487 988 2562 effe,

298 2569 384 2650 qrbd
397 2569 542 2652 quisquam
552 2587 666 2651 putarer
674 2615 684 2645 ,
693 2568 721 2632 se
732 2615 742 2644 ‚
753 2569 833 2652 quod
846 2567 889 2629 isti
899 2569 988 2650 paulb

302 2654 394 2731 magis
411 2652 560 2732 placeret,
577 2650 770 2726 conservare,
784 2667 832 2711 aut
845 2651 927 2711 domi
936 2671 988 2713 re·

300 2733 396 2793 tinere
415 2729 509 2812 poffe.

345 2810 422 2871 xx.
446 2810 554 2873 porea·
568 2812 642 2873 mh
660 2810 747 2893 quem
764 2810 845 2877 inreu
883 2878 899 2893 „
932 2788 937 2799 '

303 2888 455 2952 istiviturn
469 2891 702 2989 fortemqtpem
716 2892 746 2955 su
768 2966 770 2971 ,
875 2898 879 2903 ’

305 2798 1065 3123 trttrrrsssrttrff

305 3130 494 3193 reconditum
509 3132 591 3215 poffe
605 3118 778 3209 habereris

307 3209 459 3292 cupidine
482 3213 749 3295 apertissimum
