2550 4175
325 390 581 469 Acrronrs
604 389 653 457 ΙΙ.
678 389 714 459 L.
740 384 805 460 III.
852 406 907 484 95

223 500 278 562 ruli
295 500 465 583 sponsiones
477 500 539 583 ipso
552 500 690 583 praesente
709 501 795 565 saslas
805 503 842 566 de
855 505 908 567 de·

225 602 375 642 cumarum
386 582 524 643 societate
536 625 547 655 ‚
560 582 597 641 ab
613 582 676 665 ipso
712 584 850 644 rohibitas
861 583 909 665 ju·

226 661 326 722 dicari.
350 662 434 743 Quid
455 662 518 733 est,
539 662 619 743 quod
646 604 739 744 poset
760 664 908 747 quisquam

225 741 402 804 manifestius
420 744 478 803 hoc
490 742 675 804 desiderare?
695 742 765 803 Nun
782 744 908 821 dubito,

227 825 297 903 quin
313 824 400 885 vobis
413 822 597 884 satisfecerim
612 869 623 898 ,
639 823 756 885 iudices
769 845 777 883 :
791 846 909 886 verum·

227 911 326 964 'tamen
337 904 507 987 progrediar
520 904 633 986 longilrs
648 925 655 963 :
672 926 733 967 non
745 906 910 968 mehercule

228 983 289 1064 qual
306 988 397 1067 magis
410 986 466 1046 hoc
482 985 568 1046 vobis
581 982 803 1065 persuadeatur,
821 986 910 1067 quim

228 1062 289 1143 jam
306 1063 467 1146 persuasum
485 1063 543 1126 elle
563 1063 682 1126 confido
702 1086 710 1125 τ
732 1065 783 1126 sed
805 1066 837 1125 ur
861 1067 910 1128 ille

229 1145 385 1226 aliquando
404 1145 592 1227 impudentiae
608 1144 664 1206 suae
685 1144 775 1207 finem
799 1146 910 1207 saciat:

229 1225 385 1306 aliquando
399 1228 510 1288 desinat
521 1271 531 1301 ,
541 1246 576 1287 ea
585 1225 614 1287 se
628 1242 729 1307 putare
766 1225 825 1288 olle
835 1246 913 1287 eme·

230 1325 282 1378 re,
293 1327 357 1386 quae
367 1306 426 1387 ipse
434 1306 547 1388 semper
556 1306 656 1368 habuit
665 1248 779 1368 venasla
787 1351 796 1379 ,
804 1304 910 1381 fidem,

231 1383 456 1466 jusjurandum,
480 1389 657 1460 veritatem,
675 1384 801 1447 officium
817 1430 827 1459 ‚
844 1387 914 1447 reli·

233 1468 353 1549 gionem
364 1488 372 1526 ε
385 1467 516 1527 desinant
532 1469 616 1526 amici
633 1465 695 1544 ejus
714 1486 749 1527 ea
768 1465 914 1541 dislitare,

231 1567 297 1627 quae
312 1547 512 1620 detrimento,
529 1547 672 1621 maculae‚
689 1545 825 1620 invidiae,
840 1546 915 1607 infa-

231 1628 300 1686 miae
316 1629 401 1689 nobis
428 1626 561 1688 omnibus
584 1626 639 1688 elle
659 1629 779 1709 possint.
800 1626 844 1689 At
866 1630 916 1712 qui

234 1708 341 1767 amici.²

279 1805 315 1862 14
337 1830 346 1847 .
375 1785 408 1849 O
428 1787 585 1863 miserum,
607 1804 695 1869 atque
717 1787 917 1864 invidiosum

235 1805 435 1961 offensumque
452 1888 610 1949 paucorum
622 1868 706 1951 culpi
718 1912 728 1940 ‚
742 1885 830 1949 arque
840 1869 917 1929 indi·

236 1964 346 2086 finrrate
361 1947 495 2007 ordinem
506 1947 697 2007 senatorium!
708 1947 814 2007 Albam
826 1950 918 2008 AEmi·

259 2031 308 2085 um'
328 2026 478 2089 sedentem
493 2029 524 2085 in
549 2025 678 2086 saucibus
703 2027 817 2088 macelli
837 2028 919 2110 loqui

238 2108 358 2199 palam,
386 2106 477 2186 aiciffe
496 2106 648 2180 Verrem,
670 2122 785 2187 emptos
811 2109 920 2170 habere

237 2188 374 2268 judices,
396 2188 482 2247 aliurn
497 2185 560 2246 H·S
576 2205 666 2249 cccc
680 2188 921 2262 millibus‚alium

239 2267 304 2329 Hs
323 2287 346 2328 n
362 2289 371 2342 3
389 2289 477 2350 quem
502 2270 646 2341 minimo,
668 2287 744 2330 ccc.
764 2267 865 2351 Atque
890 2272 918 2331 ei

240 2370 329 2432 quum
347 2347 513 2430 responsum
536 2346 627 2421 esset,
651 2347 713 2408 fieri
735 2370 796 2408 non
816 2347 918 2430 posse:

234 2428 349 2490 multos
365 2428 451 2490 testes
469 2426 525 2490 esse
545 2428 693 2500 disluros3
712 2449 760 2489 me
782 2448 922 2509 praeterea

236 2509 331 2570 ‘causae
347 2531 408 2570 non
436 2507 626 2570 defuturum:
648 2510 746 2580 Licet,
771 2511 922 2582 hercules,

237 2591 356 2672 inquit,
375 2612 465 2651 omnes
484 2593 575 2650 omnia
595 2592 690 2649 dicant
700 2593 729 2650 in
745 2591 824 2649 illum
842 2593 923 2650 :nisi

242 2673 284 2730 ita
304 2692 345 2730 res
362 2669 500 2750 manifesta
528 2669 703 2745 cristallum,
724 2688 754 2730 ut
770 2671 923 2753 responderi

241 2751 316 2811 nihil
323 2753 433 2831 possit,
445 2752 569 2810 vicimus.

286 2830 350 2899 146.
373 2830 453 2890 Bene
470 2832 528 2901 ais,
543 2829 639 2889 Alba:
655 2828 692 2888 ad
708 2844 786 2889 tuam
804 2832 923 2890 veniam

244 2909 446 2971 conditionem
466 2932 474 2971 z
493 2912 563 2971 nihil
582 2928 664 2993 putas
681 2910 779 2973 valere
797 2912 825 2971 in
845 2909 925 2992 judi-

1036 2964 1051 3039 l
