2550 4175
363 652 442 736 2472
588 639 838 711 Onarro

359 757 397 816 tis
418 768 519 826 erant,
538 753 643 815 dimisit
652 800 663 827 ,
681 772 793 836 partem
813 751 972 814 Glabrioni
986 768 1050 834 tta·

364 835 448 900 didit.
474 834 569 895 Multa
586 851 731 917 praetereo
750 836 911 907 consulti),
938 834 990 894 sed
1013 856 1050 895 ea

362 937 419 988 vos
438 913 602 992 conjeiiuri
623 916 800 997 perspicitis,
819 932 962 997 quantum
974 914 1049 975 illud

362 995 473 1066 bellum
493 995 598 1057 failum
619 999 725 1077 putetis
740 1041 750 1069 ‚
766 997 847 1076 quod
866 994 1051 1077 conjungant

362 1096 447 1157 teges
469 1080 681 1157 potentissimi,
699 1096 843 1138 renovent
865 1079 982 1157 agitatae
998 1098 1051 1136 na·

362 1159 477 1231 tiones,
496 1157 646 1239 suscipiant
665 1160 784 1239 integrae
802 1174 931 1239 gentes,
954 1178 1050 1217 novus

360 1238 520 1319 imperator
544 1238 638 1301 vellet
663 1240 809 1319 accipiat,
835 1256 941 1297 vetere
968 1236 1049 1319 pulso

362 1338 500 1388 exercitu.

369 1463 373 1470 ,
404 1398 443 1458 Χ.
471 1398 545 1458 Satis
564 1397 632 1457 mihi
656 1397 746 1458 multa
770 1398 862 1458 verba
882 1395 982 1459 fecille
1006 1400 1051 1459 vi·

363 1476 458 1552 deor,
480 1499 567 1561 quare
591 1480 648 1539 hoc
677 1478 786 1539 bellum
815 1476 911 1550 eliet,
940 1499 1049 1561 genere

342 1558 372 1575 ”
396 1560 426 1621 so
451 1559 656 1632 necellariutn‚
676 1560 874 1642 magnitudine
904 1560 1051 1639 periculo·

363 1582 424 1701 zm
440 1663 447 1699 :
466 1640 569 1713 restat,
586 1658 617 1701 ut
638 1641 674 1699 de
692 1644 868 1721 imperatore
886 1641 924 1699 ad
943 1641 973 1700 id
990 1640 1052 1701 bel·

365 1720 427 1792 lum
440 1722 617 1803 deligendo,
635 1742 668 1781 ac
687 1724 773 1781 tantis
786 1722 872 1780 rebus
887 1720 1050 1801 praeficien·

365 1800 437 1874 do,
467 1802 622 1862 dicendum
650 1800 706 1862 elle
734 1800 1051 1876 videatur.‘Utinam‚

368 1881 521 1961 Quirites,
538 1885 666 1943 virorum
682 1882 800 1942 fortium
814 1900 900 1962 atque
914 1884 1053 1943 innocen·

366 1964 439 2021 tium
466 1964 581 2041 copiam
607 1980 716 2022 tantam
741 1963 910 2034 haberetis,
936 1980 968 2022 ut
994 1964 1051 2022 hac

366 2041 453 2111 ‚vobis
466 2042 634 2103 deliberatio
646 2042 767 2102 difficilis
787 2042 856 2104 ellet
869 2089 878 2118 ‚
893 2063 1052 2124 quemnam

369 2123 552 2206 potissimum
574 2125 661 2184 tantis
683 2126 792 2197 rebus,
811 2146 844 2184 ac
865 2140 951 2184 tanto
972 2125 1052 2187 bello

368 2202 584 2286 praeficiendum
597 2209 733 2288 putaretis
744 2205 752 2264 l
771 2203 857 2265 Nunc
870 2207 946 2265 verb
963 2226 1053 2288 quutn

370 2287 405 2346 sit
425 2296 497 2346 unus
524 2285 582 2348 Cn.
609 2285 787 2368 Pompeius,
850 2288 860 2345 i
878 2307 942 2347 non
961 2288 1052 2348 modo

368 2387 471 2444 eorum
481 2367 650 2440 hominurn,
665 2370 713 2447 qui
725 2388 801 2426 nunc
810 2306 874 2426 irim
886 2410 896 2438 ‚
909 2369 1053 2449 gloriam,

370 2447 422 2511 sed
445 2451 532 2509 etiarn
556 2451 730 2528 antiquitatis
755 2449 933 2506 memoriam
959 2451 1054 2509 virtu-

370 2545 400 2590 te
425 2529 584 2610 superarit3
613 2550 677 2610 quae
702 2547 748 2588 res
775 2526 816 2588 est
831 2572 844 2599 ‚
868 2536 934 2606 qu'ae
961 2526 1055 2608 cujus-

370 2631 456 2691 quam
473 2613 600 2671 animum
615 2612 645 2669 in
657 2610 710 2669 hac
725 2606 808 2670 causa
822 2607 945 2668 dubium
959 2608 1055 2670 facere

346 2691 486 2772 'possiti

414 2771 462 2830 28.
487 2771 550 2852 Ego
571 2773 649 2832 enim
667 2773 707 2830 sic
722 2767 875 2842 existimo,
895 2769 927 2828 in
940 2767 1055 2831 summo

369 2851 546 2929 imperatore
568 2870 693 2931 quatuor
711 2852 761 2910 has
784 2871 831 2911 res
854 2847 945 2910 inelle
966 2872 1056 2932 opor·¹

369 2945 454 3000 tere,
480 2928 627 2990 scientiam
650 2933 691 2990 rei
720 2930 873 3003 militaris,
893 2932 1057 3006 virtutem,

369 3009 572 3071 audieritatem
583 3056 594 3085 ‚
606 3010 784 3073 felicitatem.
803 3011 880 3091 Quis
897 3012 988 3093 igitur
1000 3014 1058 3075 hoc

370 3090 490 3162 homine
501 3090 630 3152 scientior
639 3112 779 3173 umquam
788 3110 836 3151 aut
852 3089 905 3150 fuit
916 3110 988 3164 ‚aut
1002 3090 1060 3155 esse

372 3170 499 3234 debuit?
515 3176 600 3255 quie
622 3173 693 3235 ludo
712 3190 798 3263 atque
817 3173 950 3259 pueritie
975 3172 1062 3236 disci.-
