2550 4175
387 343 639 414 Aortorrru
664 339 710 411 ΙΙ.
733 340 779 410 Li
800 338 863 409 IV.
897 340 983 434 2155

292 456 465 519 modium
478 460 586 533 eriam,
601 459 671 519 dum
689 461 720 518 in
738 454 822 516 istum
842 457 954 535 inquiro
966 472 982 530 ς

293 535 437 597 artificum
447 541 590 610 nomina)
606 539 712 612 idem,
729 538 855 617 opinor,
876 535 979 596 artifex

294 614 426 695 ejusdem
444 617 527 678 modi
543 615 719 698 Cupidinem
732 618 800 680 fecit
811 618 914 690 illum,
930 619 980 698 qui

296 696 338 759 est
355 696 508 779 Thespiis,
526 715 649 779 propter
677 719 764 778 quem
781 696 915 779 Thespiae
934 699 982 757 vi-

295 776 394 837 suntur
413 799 420 836 :
441 800 508 837 nam
527 778 581 838 alia
602 776 714 839 uisendi
732 776 812 838 causa
831 779 908 841 nulla
929 776 980 838 est.

298 854 399 937 Itaque
419 857 466 918 ille
482 857 517 919 L.
536 858 717 931 Mummius,
738 878 825 939 quum
842 856 982 939 Thespia-

298 937 371 1011 das,
390 959 453 1019 quae
470 939 507 998 ad
525 938 619 1000 adem
632 938 787 999 Felicitatis
799 936 862 999 sunt
874 983 887 1009 ,
900 956 983 999 cete.-

299 1038 387 1098 raque
399 1018 521 1098 profana
529 1039 565 1080 ex
577 1020 627 1080 illo
637 1019 749 1100 oppido
758 1021 838 1101 signa
846 1018 982 1093 tollereo,

299 1097 375 1157 hunt
390 1120 585 1162 marmoreum
605 1098 803 1182 Cupidinem,
823 1098 904 1182 qudd
920 1107 982 1168 erat

299 1176 481 1239 consectatus
493 1225 502 1253 ‚
515 1202 577 1241 non
591 1184 644 1242 arti
665 1185 697 1240 ir.

339 1257 401 1320 lll.
418 1260 554 1335 Verum,
572 1278 605 1319 ut
619 1202 664 1320 ad
672 1258 744 1320 illud
760 1256 911 1319 sacrarium
932 1279 984 1319 ret·

298 1337 410 1411 deam,
431 1343 545 1420 signum
562 1356 624 1400 erat
634 1341 692 1400 hoc
703 1384 713 1412 ,
724 1338 804 1419 quod
822 1339 888 1398 dito
900 1384 909 1410 ‚
923 1337 986 1399 Cru-

300 1418 406 1497 pidinis
426 1438 443 1480 e
458 1438 603 1479 marmore
621 1440 629 1478 τ
651 1439 688 1479 ex
701 1418 790 1483 altera
803 1436 884 1498 parre
903 1418 984 1477 Hen-

301 1497 380 1557 cules
399 1499 516 1580 egregie
533 1496 623 1558 fusius
637 1516 675 1557 eu
692 1518 749 1557 aete
766 1518 773 1555 ι
792 1499 816 1556 is
837 1497 985 1559 dicebatur

302 1575 360 1638 effe
381 1578 541 1659 Myronis,
559 1596 591 1637 ut
609 1580 714 1659 opinor
730 1599 737 1635 ε
753 1578 786 1638 δι
804 1578 892 1642 certe.
909 1576 987 1640 Item

303 1676 370 1718 ante
391 1658 479 1738 hosce
499 1658 572 1718 deos
595 1677 677 1719 etant
695 1658 801 1732 arulae,
818 1680 882 1741 quae
897 1661 989 1720 cuivis

300 1738 414 1804 sacrarii
443 1740 616 1821 religionem
651 1736 809 1820 significate
843 1737 989 1827 pollente

304 1837 386 1879 erant
406 1841 487 1880 aenea
504 1837 646 1900 praterea
662 1820 720 1891 duo
735 1822 813 1959 sppna
828 1865 838 1894 ‚
852 1843 912 1883 non
923 1842 988 1881 mar·

306 1902 404 1972 xima,
422 1902 526 1962 verum
550 1900 655 1960 eximii
667 1920 744 1961 venu
770 1920 839 1972 are,
857 1905 901 1961 vir
923 1901 990 1962 inali

303 1977 424 2051 habitu,
436 1998 523 2059 atque
540 1977 662 2054 vestitu,
675 2002 739 2062 quae
758 1981 886 2040 manibus
896 1923 990 2050 subla·

306 2059 343 2118 tis
360 2057 435 2120 sacra
452 2060 583 2141 quaedam
601 2081 684 2124 more
700 2060 921 2122 Atheniensium
934 2066 992 2145 uip-

308 2142 408 2221 ginum
439 2142 567 2222 reposita
587 2141 615 2200 in
644 2143 782 2202 coitibus
807 2141 990 2207 sustinebam.

304 2218 502 2301 {Canephoroe
520 2220 584 2302 ipsae
604 2164 781 2283 vocalantur
798 2223 868 2284 :sed
888 2245 988 2286 earum

307 2300 445 2362 artificem
465 2305 581 2383 quem?
601 2304 778 2383 quemnam?
794 2303 870 2364 telle
887 2305 994 2367 admo·

305 2403 380 2442 nes:
397 2382 582 2463 Polycletum
594 2382 650 2444 elle
669 2384 812 2444 dicebant.
831 2385 994 2447 Messanam

302 2462 474 2544 utquisque
496 2462 625 2524 nostrfim
653 2483 793 2535 uenerat,
813 2466 875 2526 luet
902 2467 994 2528 visere

304 2543 420 2613 solebat
443 2546 606 2612 :omnibus
620 2545 680 2605 lraec
699 2545 735 2605 ad
753 2545 998 2628 visendumtpate·

310 2624 378 2682 bant
402 2626 552 2706 quotidie:
573 2624 676 2686 domus
702 2644 763 2686 erat
790 2650 849 2686 non
872 2629 999 2688 domiuo

305 2708 401 2841 atrapis
417 2724 614 2779 ornamento,
628 2707 715 2787 quiem
733 2711 852 2768 civitati.
864 2733 877 2752 ¹-
934 2751 937 2757 -
960 2726 989 2761 -r

307 2832 311 2849 .
376 2826 383 2841 .
408 2783 446 2844 C.
466 2784 629 2858 Claudius,
650 2785 729 2865 cujus
751 2789 914 2850 aedilitatem
936 2809 966 2846 tn

308 2861 936 2949 ‘gnificenuseunamscuuus-*fruffe,ususosl
978 2867 980 2870 ’

816 2950 844 3011 G
866 2972 899 3030 u}
