2550 4175
368 590 635 661 Acrroms
660 591 709 664 ΙΙ.
744 591 785 665 L.
811 595 853 665 V.
903 611 975 690 331

295 724 353 786 que
374 706 555 768 ornatissima
569 750 580 782 ,
596 707 679 788 quod
699 708 837 789 signum,
857 725 921 788 quae
938 721 982 768 ta·

294 787 363 846 hula
396 785 471 868 pisia
499 783 574 860 esi,
602 808 668 869 quae
689 807 750 848 non
780 788 817 848 ab
850 784 981 848 hostibus
1067 816 1074 827 =

293 866 377 927 vidis
396 883 499 947 capta,
515 884 602 948 atque
618 883 772 949 apportata
791 866 847 926 sit?
859 865 902 928 At
913 864 981 927 isto·

294 967 360 1008 rum
384 947 460 1006 villae
479 991 491 1018 ,
508 945 662 1009 ¹sociorum
688 945 921 1007 fidelissimorum
946 947 981 1009 δι

295 1028 446 1109 plurimis,
468 1026 714 1109 &pulcherrimis
731 1025 827 1108 spoliis
848 1041 982 1102 ornatae,
1092 1076 1096 1083 ,

295 1106 468 1190 refertaque
485 1105 558 1168 sunt.
579 1107 642 1170 Ubi
659 1109 795 1190 pecunias
819 1121 982 1170 exterarum

295 1189 447 1248 nationum
472 1185 529 1249 esse
551 1190 751 1264 arbitramini,
794 1186 877 1247 uibus
905 1206 984 1248 nune

296 1285 617 1351 omnesegenr‚quum
627 1267 776 1344 Athenas,
811 1287 983 1351 ergamum,

296 1345 460 1430 Cyzicum,
475 1348 630 1423 Miletum,
645 1348 771 1422 Chium,
783 1347 923 1424 Samum,
935 1365 984 1411 to·

295 1445 357 1489 tam
368 1429 494 1511 denique
503 1427 606 1490 Asiam
616 1473 626 1502 ,
635 1428 801 1501 Achaiam,
817 1427 983 1501 Graeciam,

297 1507 443 1581 Siciliam,
456 1505 516 1585 jam
531 1510 562 1568 in
582 1511 682 1590 paucis
699 1508 774 1568 villis
789 1505 909 1567 inclusas
924 1505 984 1569 esse

296 1585 442 1648 videatis?
459 1586 519 1648 Sed
539 1587 620 1661 haec,
636 1604 670 1647 ut
689 1587 781 1660 dico,
804 1589 903 1647 omnia
921 1584 984 1666 jam

297 1667 368 1729 socii
385 1664 473 1727 vestri
489 1667 675 1748 relinquunt,
691 1667 723 1727 &
741 1686 779 1727 ne
801 1666 914 1748 figunt,
929 1665 985 1727 Ju-

298 1749 387 1812 dices.
405 1747 453 1808 Ne
466 1748 582 1830 publice
601 1770 618 1808 a
638 1747 750 1830 populo
796 1767 906 1807 omano
917 1745 986 1829 spo·

298 1830 458 1902 limentur,
486 1825 610 1902 officiis,
639 1850 672 1889 ac
700 1826 758 1889 lide
783 1826 987 1909 providerunt.

298 1908 460 1970 Paucorum
475 1908 623 1992 cupiditati
634 1927 717 1981 tum,
737 1927 827 1992 quum
844 1905 986 1970 obsistere

298 2012 360 2052 non
378 2004 537 2072 poterant,
555 2007 655 2052 tamen
670 1984 798 2050 sufficere
811 1988 907 2069 aliquo
919 2010 986 2050 mo-

300 2071 339 2132 do
352 2086 488 2153 poterant
507 2092 514 2129 :
532 2091 609 2129 nunc
625 2070 698 2131 verd
716 2067 775 2149 jam
790 2069 927 2149 adempta
943 2067 985 2131 est

300 2167 361 2214 non
382 2148 474 2210 modo
494 2148 668 2221 resistendi,
684 2152 789 2209 veriam
810 2151 898 2208 etiam
916 2147 945 2208 su
969 2180 987 2197 -

300 2228 451 2314 peditandi
468 2227 588 2289 facultas
607 2248 615 2287 :
636 2230 731 2309 itaque
750 2247 796 2317 res
813 2224 875 2287 suas
892 2171 967 2367 nepd

301 2327 372 2393 gunt
384 2331 392 2368 t
402 2310 557 2390 pecunias,
575 2329 634 2391 quo
646 2310 765 2368 nomine
780 2300 919 2388 judicium
949 2329 987 2370 oe

300 2391 482 2475 appellatur,
498 2409 559 2450 uon
574 2404 711 2471 repetunt
726 2408 733 2446 ι
749 2386 938 2468 relinquunt,
952 2388 987 2450 &

301 2471 462 2555 negligunt.
477 2468 547 2530 Hoc
560 2465 620 2549 jam
639 2485 742 2530 ornatu
751 2467 794 2539 ¹ad
808 2488 864 2529 uos
881 2466 989 2530 consu·

323 2557 400 2614 iunt:
414 2548 550 2633 adspicite
562 2595 572 2623 ,
584 2548 741 2632 adspicite,
755 2547 894 2625 ludices,
902 2548 988 2633 sque·

302 2575 396 2696 sorem
409 2678 418 2707 ,
432 2630 586 2714 sordesque
599 2631 754 2692 sociorum.
785 2680 796 2696 .

345 2711 472 2774 XLIX.
494 2710 628 2773 Sthenius
641 2711 687 2772 hic
700 2705 907 2772 Thermitanus
919 2729 988 2772 cum

304 2792 415 2851 hocca
435 2793 487 2854 illo
508 2808 595 2875 atque
614 2787 719 2867 veste,
739 2786 832 2853 domo
855 2788 904 2851 sul
924 2790 989 2853 totd

305 2815 459 2951 expilati,
485 2873 667 2934 mentionem
693 2887 812 2932 tuorum
844 2868 989 2948 furtorum

304 2972 366 3012 non
386 2950 455 3010 facit
470 2949 548 3013 :sese
557 2952 650 3034 ipsum
664 2950 754 3011 abste
773 2949 900 3029 repetit,
918 2950 989 3012 nihil

305 3030 429 3112 amplius
442 3049 450 3087 ι
464 3045 560 3091 totum
572 3032 652 3093 enim
665 3027 714 3089 tud
723 3027 864 3101 libidine,
879 3027 913 3090 δι
927 3029 990 3090 sce·

305 3112 367 3177 lere
386 3129 423 3174 ex
439 3107 487 3172 sua
508 3110 600 3194 patria
617 3111 672 3189 (itt
689 3127 747 3194 qua
763 3106 860 3171 multis
873 3110 990 3174 virtuti·

962 2230 988 2288 i.
