2550 4175
365 424 615 493 Acrroms
641 424 688 493 11.
713 424 749 495 L.
774 426 837 494 IV.
894 438 970 514 245

293 535 354 595 sem
368 580 380 608 ‚
435 536 465 595 id
483 537 523 596 eis
534 537 681 610 utilitatis,
695 538 763 619 quid
777 537 870 598 salutis
886 535 975 597 affer·

292 635 379 690 rem,
425 625 427 630 ’
450 636 539 697 quum
555 618 591 679 ab
607 618 741 678 omnibus
758 619 913 688 mandata,
931 618 975 678 le·

294 695 714 791 gatos,litteras,testimonia
754 696 975 779 esumpsissem,

293 797 326 835 ιιι
337 777 386 837 illa
397 778 514 838 civitate
522 778 590 839 nihil
604 777 715 858 ejusmo
737 779 747 837 i
760 776 893 840 facerem.
903 775 977 838 Res·

293 858 408 939 pondi,
422 865 518 939 neque
536 857 641 920 Romae
657 860 687 919 in
703 875 852 920 conventu
863 857 976 919 Siculo·

293 958 358 997 rum
372 983 382 1013 ,
401 957 516 1018 quuma
530 958 579 1000 me
597 940 734 1001 auxilium
748 940 898 999 communi
908 958 978 999 om-

294 1020 374 1078 niurn
391 1018 567 1099 legationum
584 1020 706 1081 consilio
716 1019 889 1100 petebatur,
904 1040 977 1079 cau-

294 1097 380 1180 saque
404 1102 493 1159 totius
515 1100 621 1163 adme
647 1100 749 1161 Siciliae
769 1100 975 1174 deferebatur,

294 1178 407 1261 legatos
417 1177 661 1262 Syracusanorum
679 1178 783 1256 affirisse
798 1201 805 1239 ε
820 1200 917 1262 neque
927 1196 990 1239 me'

294 1257 438 1340 'postulare
453 1304 463 1333 ,
481 1275 514 1318 ut
533 1260 689 1355 quidquam
707 1276 808 1319 contra
832 1258 869 1319 C.
894 1258 977 1319 Ver-

295 1359 358 1416 rem
389 1339 593 1401 decerneretur
617 1361 648 1399 rn
676 1358 711 1400 ea
730 1342 833 1411 curia,
859 1340 890 1397 in
922 1357 979 1419 qua

294 1421 453 1479 inauratam
476 1417 513 1481 C.
535 1418 637 1480 Verris
656 1416 777 1481 statuam
793 1418 937 1479 viderem.

298 1521 304 1530 ·
340 1517 406 1578 139.
423 1500 518 1579 Quod
535 1499 635 1581 postea
676 1520 723 1562 am
742 1499 820 1572 dixi,
832 1515 926 1558 tantus
938 1495 979 1558 est

292 1583 418 1662 *gemitus
434 1580 525 1648 faetus
544 1580 631 1661 adspe
696 1579 816 1652 stamae,
837 1581 867 1645 dc
892 1599 985 1660 com7

296 1660 535 1735 memoratione,
552 1677 582 1720 ut
604 1660 675 1721 illud
695 1662 725 1720 in
750 1661 827 1720 curia
851 1660 980 1739 positum

296 1758 520 1804 monimentum
544 1740 707 1814 scelerum,
735 1761 796 1800 non
821 1736 982 1801 beneficio·

296 1822 527 1882 rum-videretur.
544 1819 623 1881 Tum
634 1844 689 1901 pro
703 1819 731 1879 se
740 1819 805 1901 quis
820 1840 875 1893 ue,
888 1841 982 1899 quan·

297 1918 360 1962 tum
379 1899 509 1962 dicendo
528 1897 634 1979 assequi
651 1915 766 1979 poterat
779 1942 789 1971 ‚
800 1841 914 1959 docere
933 1918 981 1958 me

298 1982 409 2059 coepit,
427 1998 462 2038 ea
474 2022 484 2050 ,
498 1998 560 2060 quae
576 1977 663 2058 paulo
681 1978 748 2037 ante
764 1996 983 2036 commemora·

298 2062 348 2127 ¹vi:
362 2057 514 2139 spoliatam
522 2058 624 2119 urbem
635 2101 646 2130 ,
656 2055 722 2118 sana
733 2054 861 2137 direpta:
876 2076 911 2117 ex
921 2055 986 2118 He·

299 2139 378 2201 raclii
392 2138 575 2211 hereditate,
591 2159 678 2219 quam
693 2135 849 2221 palaessritis
859 2158 985 2197 conces·-

300 2217 396 2293 sillet,
413 2219 506 2278 multo
524 2222 676 2278 maximam
693 2236 805 2299 partem
817 2216 909 2300 ipsum
918 2217 984 2278 abs-

300 2298 411 2363 tulille:
429 2319 523 2380 neque
541 2297 742 2379 postulandum
759 2296 863 2371 luisse,
883 2318 914 2359 ut
934 2299 983 2362 ille

279 2429 283 2435 .
302 2378 470 2462 palaestritas
488 2378 644 2461 diligeret,
664 2382 712 2461 qui
729 2382 815 2441 etiam
841 2383 983 2442 invento·

301 2482 365 2529 rem
381 2460 441 2523 olei
454 2460 543 2521 deum
552 2458 697 2527 sustulisset
708 2483 715 2519 :
728 2481 822 2541 neque
839 2460 917 2520 illam
928 2461 983 2522 sta-

302 2559 382 2603 tuam
395 2539 450 2602 elle
467 2562 503 2603 ex
520 2545 643 2622 pecunia
663 2541 801 2622 publica,
818 2561 912 2623 neque
929 2532 984 2622 pu:

301 2622 379 2689 blice
398 2622 494 2681 datam
507 2640 515 2681 ι
532 2621 582 2684 sed
598 2644 673 2696 eos,
691 2625 740 2703 qui
754 2622 921 2683 hereditatis
935 2624 983 2682 di-

302 2702 438 2783 ripiendae
461 2703 614 2783 participes
634 2702 771 2773 fuissent,
794 2702 955 2765 faciendam
972 2749 982 2774 ‚

303 2779 539 2863 statuendamque
568 2781 673 2843 curasse
699 2805 707 2841 ι
736 2781 854 2842 eosdem
880 2783 983 2845 Romae

305 2858 386 2930 soille
405 2861 517 2945 legatos
527 2906 539 2938 ,
557 2862 630 2931 illius
648 2860 794 2943 adjutores
812 2865 983 3002 {np'robita-

850 2967 877 3020 11]
