2550 4175
318 664 578 737 Acrrours
602 659 649 736 ΙΙ.
676 666 714 735 L.
742 661 810 737 III.
855 683 907 760 99
939 671 941 676 '

269 778 577 862 151.P0stremorua
601 781 721 864 quidem
748 780 827 843 certe
856 781 908 840 ubi

225 858 342 942 praecisa
370 858 503 920 defensio
530 859 593 935 est,
618 865 648 921 in
671 883 727 942 qua
745 879 776 921 tu
795 859 911 941 semper

227 943 327 1001 omnia
338 957 386 1000 tua
395 938 489 1014 furta,
502 956 588 1022 atque
606 942 712 1023 flagitia
728 941 817 1002 latere
829 939 910 1021 posis

227 1022 379 1082 arbitratus
397 1039 454 1081 es:
472 1043 569 1103 magno
589 1039 615 1082 te
631 1025 760 1082 decumas
771 1021 912 1101 vendidis-

221 1101 254 1182 se
272 1123 280 1160 :
295 1102 371 1183 plebi
384 1105 512 1162 Romana
525 1100 682 1181 conftrluiffi
698 1123 833 1164 :annona
839 1123 913 1182 pro*

222 1179 351 1262 spexiffe.
359 1180 427 1240 Non
455 1180 527 1242 otest
535 1182 592 1242 hoc
601 1182 696 1242 dicere
709 1184 751 1256 is,
762 1182 809 1263 qui
820 1201 914 1263 nega·

230 1282 261 1321 re
276 1283 335 1322 non
350 1202 464 1342 pomi,
475 1262 504 1322 se
517 1265 598 1322 unius
615 1264 676 1345 agri
690 1261 825 1322 decumas
837 1279 912 1322 xxx
1002 1297 1006 1308 ι

229 1342 352 1402 millibus
365 1341 495 1402 moditim
510 1345 646 1417 minoris,
662 1342 749 1424 quim
762 1343 912 1424 potuerit,

228 1421 387 1483 vendidisse
406 1443 413 1482 :
432 1439 464 1482 ut
483 1425 589 1499 etiam,
608 1426 631 1483 si
649 1425 702 1482 tibi
722 1424 780 1483 hoc
802 1442 915 1483 conce·

230 1502 321 1576 dam,
347 1503 477 1563 Minucio
502 1504 570 1564 ideo
599 1520 628 1565 te
660 1525 721 1564 non
745 1501 913 1577 tradidisse,

231 1583 313 1664 qudd
328 1580 386 1663 jam
400 1582 548 1645 addixiffes
566 1584 702 1666 Apronio
718 1604 725 1642 :
743 1586 821 1643 aiunt
833 1585 914 1643 enim

233 1678 262 1723 te
279 1665 319 1722 ita
337 1663 484 1737 diditare3
503 1665 583 1746 quod
602 1686 619 1726 e
641 1686 662 1724 o
681 1661 815 1745 exspedo
832 1706 843 1734 ,
863 1683 914 1724 cu·

232 1744 341 1824 pioque
353 1758 383 1803 te
395 1745 434 1803 ita
441 1745 511 1804 illud
522 1745 608 1805 defen
631 1765 681 1806 ere
694 1747 813 1805 :verum
830 1758 860 1802 ut
872 1744 913 1803 ita

234 1826 293 1897 sit,
308 1837 479 1885 tamennon
498 1844 583 1905 potes
599 1827 678 1898 hoc,
694 1826 774 1905 quasi
791 1822 915 1904 praecla-

232 1924 296 1963 rum
308 1903 344 1963 ali
366 1904 413 1963 uid
422 1906 597 1986 praedicare,
615 1927 723 1987 magno
736 1922 764 1965 te
776 1904 912 1965 decumas

232 1984 350 2045 vendidi
373 2005 412 2060 e,
428 2008 516 2066 quum
527 1985 606 2047 fuiffe
615 1987 722 2048 fateare
736 1987 805 2067 ,qui
821 1984 914 2046 multo

231 2065 320 2149 pluris
331 2066 475 2128 voluerim
488 2088 598 2129 emere.

275 2146 382 2207 LXV.
402 2146 534 2207 Tenetur
560 2151 645 2227 igitur
668 2138 752 2224 jam,
776 2144 913 2219 Iudices,‘

235 2225 270 2286 &
294 2224 446 2285 manifesti>
467 2235 583 2284 'tenetur
611 2228 751 2298 avaritia,
774 2226 928 2304 cupiditas·

233 2306 387 2378 hominis,
412 2303 532 2376 scelus,
555 2305 756 2384 improbitas,
787 2305 916 2365 audacia.

235 2384 321 2464 Quid
338 2386 361 2444 si
375 2385 460 2456 haec,
476 2405 542 2465 quae
560 2383 646 2457 dico,
663 2385 750 2463 ipsius
767 2385 850 2443 amici
865 2385 918 2445 de·

235 2463 419 2545 sensoresque
437 2462 625 2543 judicarunt?
648 2465 716 2544 quid
741 2466 826 2526 vultis
851 2487 917 2525 am·

234 2543 334 2627 plius?
363 2545 505 2605 Adventu
531 2545 567 2605 L.
595 2544 734 2617 Metelli,
760 2549 915 2623 praetoris,

235 2647 325 2707 quum
340 2646 443 2686 omnes
459 2623 520 2703 ejus
534 2628 658 2685 comites
669 2623 718 2685 iste
732 2627 785 2684 sibi
798 2625 847 2685 suo
862 2627 914 2686 il'o

235 2704 406 2788 panchresto
419 2707 632 2766 medicamento
653 2709 761 2766 amicos
772 2707 916 2766 reddidis-

235 2786 301 2860 set3
320 2786 430 2846 aditum
444 2785 484 2847 est
502 2786 539 2845 ad
554 2785 708 2846 Metellum
723 2807 730 2844 :
743 2786 860 2845 edudus
875 2787 915 2846 tst

237 2869 386 2949 Apronius
408 2887 415 2926 :
436 2868 534 2927 eduxit
552 2868 597 2927 vir
616 2868 764 2947 primarius
781 2863 817 2926 C.
838 2865 916 2941 Gal·¹

236 2948 312 3022 lius,
332 2948 447 3008 senator
467 2968 474 3006 :
494 2945 650 3028 postulavit
670 2970 687 3007 a
706 2946 740 3007 L.
763 2945 916 3023 Metello,

236 3046 269 3088 ut
282 3049 319 3088 ex
334 3027 429 3089 edido
447 3027 497 3087 suo
515 3026 653 3108 judicium
672 3028 753 3087 daret
771 3028 800 3085 in
817 3022 918 3107 Apro?

237 3110 338 3180 nium,
353 3111 439 3189 Quod
450 3131 502 3191 per
519 3110 598 3178 vim,
614 3124 664 3166 aut
683 3126 779 3167 merum
794 3106 887 3189 abstru'

231 3187 277 3269 ser
290 3210 299 3248 .·
316 3208 401 3268 quam
414 3187 569 3250 formulam
582 3184 870 3275 Odavianam7·&}

727 3265 790 3346 Εἰ]
862 3330 865 3384 ἰ

857 3488 865 3581 ί,
