2550 4175
392 347 494 446 ano
520 345 570 415 M.
595 341 852 415 Faunum·
903 359 977 439 393

300 489 304 494 ·
342 477 390 541 35.
407 457 597 522 constituitur
613 481 651 522 ex
666 460 753 532 altera
765 476 849 542 parte
861 459 982 520 ulterior

297 541 458 622 Hispania,
483 561 547 622 quae
567 541 701 626 profedld
720 561 780 601 non
799 541 891 602 modb
910 541 983 602 reli·-

297 625 387 704 gione
402 621 455 682 sui
472 620 601 685 resistere
618 620 737 684 istorum
756 622 903 702 cupiditati
918 631 981 704 po·''

297 701 383 775 test,
411 701 461 763 sed
488 705 577 762 etiam
603 701 808 764 sceleratorum
826 702 979 764 hominum

297 780 423 866 perjuria
445 779 634 856 testimoniis,
651 804 684 843 ac
702 782 911 842 laudationibus
923 783 979 843 suis

297 862 432 923 refutare.
452 860 553 943 Atque
565 882 601 923 ex
616 861 675 943 ipsa
690 865 778 922 etiarn
796 860 892 923 Gallia
905 861 980 925 fide-

297 942 424 1015 lissima,
444 944 476 1003 δι
501 945 668 1025 gravissima
694 942 797 1016 auxilia
821 940 980 1006 sumuntur.

297 1020 391 1083 Venit
400 1025 465 1083 huic
483 1022 633 1098 subsidio,
650 1021 775 1099 misero,
793 1040 880 1105 atque
892 1026 982 1085 inno·

298 1106 395 1177 centi‚
414 1104 635 1165 Massiliensium
656 1103 756 1165 cundia
772 1106 896 1180 civitas,
913 1127 980 1188 quae

296 1205 359 1244 non
382 1184 474 1246 sollum
498 1186 537 1246 ob
563 1206 629 1247 eam
651 1184 762 1245 causam
787 1186 923 1260 laborat,
945 1205 979 1247 ut

297 1264 382 1341 huic,
404 1287 421 1325 a
441 1287 500 1348 quo
518 1264 577 1346 ipsa
596 1264 709 1326 servata
722 1264 783 1339 est,
801 1285 902 1347 parem
912 1287 979 1348 gra·

295 1348 368 1405 tiam
391 1344 498 1405 referre
515 1344 649 1406 videatur
668 1366 677 1419 3
694 1344 744 1406 sed
767 1348 876 1421 etiam,
899 1347 978 1428 quud

298 1426 335 1485 ed
358 1425 560 1497 conditione„
574 1442 661 1565 attffe
679 1446 718 1486 eo
744 1423 805 1485 fato
831 1425 862 1486 se
884 1428 913 1485 in
935 1424 981 1486 his

296 1507 380 1566 terris
399 1505 571 1567 collocatam
593 1525 609 1568 e
633 1525 650 1566 e
668 1506 818 1566 arbitratur
831 1548 841 1578 ,
854 1524 892 1566 ne
909 1506 979 1586 quid

296 1584 400 1647 nostris
412 1586 576 1648 hominibus
594 1586 651 1647 illae
669 1603 771 1669 gentes
789 1605 979 1668 nocerepos·

299 1683 366 1728 sint.

340 1749 388 1828 36.
404 1746 517 1832 Pugnat
529 1750 637 1831 pariter
655 1769 710 1831 pro
729 1746 820 1812 salute
834 1746 880 1810 M.
899 1747 979 1810 Fon·

296 1827 568 1891 teii.Narb0nensis
585 1829 723 1904 colonia,
744 1851 808 1911 quae
849 1849 881 1890 er
898 1831 976 1892 hunc

294 1904 357 1989 ipsa
386 1927 482 1989 nuper
504 1907 658 1969 obsidione
683 1906 807 1968 hostiurn
827 1851 977 1986 ¹liberata,

296 2008 375 2049 nunc
390 1986 519 2068 ejusdem
536 1985 676 2058 miseriis,
692 2007 725 2045 ac
744 1988 879 2066 periculis
896 2009 980 2047 conr·

297 2085 446 2132 movetur.
465 2067 602 2149 Denique
614 2082 666 2140 ,ut
681 2083 801 2147 oportet
813 2067 892 2135 bello
905 2065 980 2139 Gal·

294 2151 356 2212 lico
368 2196 379 2226 ‚
393 2169 425 2211 ut
434 2147 579 2225 maiorum
595 2144 678 2225 jura,
690 2145 840 2227 moresque
853 2146 979 2226 praescrie

296 2232 395 2307 bunt,
412 2251 502 2293 nemo
517 2226 558 2290 est
577 2228 648 2288 civis
665 2227 842 2298 Romanus,
858 2229 907 2308 qui
924 2227 979 2303 sibi

298 2310 566 2374 ulldexcusatione
585 2307 729 2369 utendum
747 2321 855 2389 putet:
875 2326 979 2367 ornnes

297 2392 372 2455 illius
391 2394 549 2477 provinciae
566 2388 731 2471 publicani,
747 2387 903 2473 agricola,
921 2406 980 2468 pe·

300 2475 408 2549 cunii,
429 2476 519 2538 ceteri
544 2472 764 2554 negotiatores,
792 2490 851 2530 nno
880 2470 980 2531 animo

300 2549 347 2612 M.
368 2552 546 2627 Fonteium,
571 2569 659 2635 atque
684 2552 743 2614 und
769 2569 845 2614 voce
872 2549 980 2612 defen-

300 2630 384 2693 dunt.

341 2708 459 2770 XVII.
475 2711 569 2791 Qudd
583 2715 608 2770 si
620 2728 715 2771 tantas
730 2713 900 2770 auxiliorum
913 2713 982 2773 nof-
1080 2694 1084 2703 Ι

300 2806 411 2852 trorum
435 2794 534 2872 copias
554 2791 769 2851 Indueiomarus
791 2790 850 2871 ipse
876 2790 985 2872 despe-

300 2872 398 2949 xerit,
423 2869 481 2933 dux
509 2870 733 2955 Allobrogum,
759 2891 988 3015 cetiiorumque,

857 2974 879 3015 u
