2550 4175
290 428 369 510 330
482 410 543 480 ln
572 413 790 481 Vennnnt

287 524 366 607 apud
384 539 414 585 te
428 528 630 609 cognationis,
645 523 791 587 fidelitatis
802 569 812 599 ‚
822 520 973 585 vetustatis

287 604 476 681 audiuntne,
489 626 526 667 ne
540 608 598 668 hoc
609 607 729 689 quidem
744 603 813 686 juris
825 603 971 680 obtinuit,

286 700 320 745 ut
337 687 421 746 unius
437 685 647 761 honestissimi,
662 694 748 769 atque
763 687 974 746 innocentissi·
997 688 1001 693 “

285 767 328 826 mi
348 768 419 828 civis
441 786 593 844 mortem,
620 766 841 850 &sanguinem
861 764 973 849 depre-

285 863 408 907 caretur.

328 924 497 988 XLVIII.
514 927 588 1008 Qub
601 925 772 1009 confugient
780 924 871 987 socii?
882 943 974 1021 quent

285 1005 483 1145 imflorabunt
495 1010 509 1073 ἓ
520 1008 577 1090 qud
589 1007 639 1089 spe
656 1008 802 1089 denique,
818 1021 851 1066 ut
867 1026 973 1084 vivere

285 1105 324 1147 ve
336 1090 401 1159 int,
418 1087 617 1162 tenebuntur,
636 1090 660 1149 si
676 1108 732 1147 vos
752 1108 804 1147 eos
821 1085 972 1148 deseritis?

285 1165 337 1225 Ad
349 1165 478 1228 senatum
491 1168 670 1242 devenient,
688 1171 737 1249 qui
751 1167 789 1229 de
798 1166 895 1228 Verre
908 1166 973 1248 sup-

285 1245 402 1327 plicium
421 1248 512 1309 sumat
524 1250 535 1309 i
547 1270 607 1310 non
625 1247 667 1309 est
682 1252 817 1308 usitatum
828 1292 838 1321 ,
849 1268 912 1309 non
926 1247 972 1309 se·

284 1330 439 1389 natorium.
458 1329 509 1390 Ad
520 1329 663 1411 populum
678 1328 848 1390 Romanum
865 1327 973 1389 confu-

285 1408 391 1548 fient?
407 1408 496 1471 facilis
506 1408 547 1472 est
557 1409 639 1471 causa
647 1410 769 1491 populi:
784 1409 882 1489 legem
892 1410 971 1470 enim

299 1508 316 1549 e
335 1487 481 1551 sociorum
496 1491 580 1552 causd
594 1488 726 1571 jussisse,
746 1489 778 1550 &
795 1510 852 1550 vos
866 1490 899 1550 ei
914 1488 972 1570 legi

284 1566 443 1644 custodes,
464 1592 498 1631 ac
515 1571 647 1632 vindices
672 1566 855 1652 praeposuisse
883 1568 971 1630 dicet.

286 1646 345 1707 Hic
362 1650 443 1708 locus
456 1650 497 1710 est
507 1653 592 1733 igitur
605 1670 679 1709 unus
691 1692 701 1722 ‚
715 1650 776 1730 qub
786 1647 970 1732 perfugiant}

286 1725 333 1786 hic
351 1745 479 1807 portus,
495 1730 557 1790 haec
575 1750 644 1802 arx,
661 1728 723 1788 haec
741 1751 791 1788 ara
807 1728 969 1789 sociorum:

287 1806 347 1885 qut>
359 1807 485 1889 quidem
504 1830 581 1869 nunc
599 1830 661 1869 non
677 1810 716 1869 ita
732 1808 821 1869 consu
842 1810 924 1884 ‘unt,
939 1826 972 1870 ut

220 1885 228 1897 “
285 1901 372 1947 antea
391 1889 421 1948 in
439 1885 494 1948 suis
517 1888 684 1972 repetendis
709 1889 795 1949 rebus
830 1890 970 1950 olebant:

287 1986 349 2027 non
368 1984 542 2051 argentum,
557 1991 619 2030 non
637 1989 830 2043 aurum‚non
838 1966 971 2043 vestem,

286 2065 348 2108 non
365 2050 509 2130 mancipia
526 2065 662 2132 repetunt
679 2069 764 2110 :non
779 2063 972 2123 omamenta,

288 2147 354 2210 quae
370 2149 406 2191 ex
415 2128 533 2189 urbibus
544 2175 555 2204 ‚
566 2129 694 2212 fanisque
706 2147 807 2220 erepta
814 2129 878 2190 sunt
890 2150 897 2190 ε
910 2149 973 2192 me·

287 2220 373 2269 tuunt
393 2209 530 2270 homines
547 2213 692 2292 impetiti,
706 2231 745 2271 ne
764 2231 823 2290 Jatn
835 2210 898 2270 haec
913 2231 973 2292 po·

285 2287 370 2428 tulus
384 2287 535 2350 Romanus
552 2292 695 2353 concedat
707 2335 717 2364 ‚
729 2290 830 2366 &jam
842 2288 906 2351 fieti
919 2311 973 2352 ve·

297 2369 328 2427 ‘t.
345 2365 473 2430 Patimur
497 2373 575 2432 enim
594 2369 654 2448 jam
670 2369 787 2429 *multos
803 2388 917 2440 annos,
938 2372 973 2433 &

286 2447 426 2524 silemus,
443 2470 531 2531 quum
545 2450 717 2522 videamus,
735 2449 772 2507 ad
790 2467 899 2528 paucos
915 2450 973 2512 ho·

284 2527 380 2588 mines
399 2549 502 2607 qtnnes
520 2533 652 2590 omnium
665 2525 817 2588 nationum
833 2533 972 2609 pecunias

285 2606 467 2702 ‘pervenisset
484 2609 565 2691 quod
580 2610 618 2670 eb
629 2610 719 2690 tnagis
731 2606 806 2668 ferte
816 2629 900 2690 aequo
910 2613 972 2672 ani·

286 2703 362 2768 mo,
379 2703 466 2771 atque
483 2688 647 2752 concedere
662 2688 818 2762 videmur,
834 2692 901 2771 quia
917 2711 972 2754 ne·

286 2785 339 2827 mo
350 2766 469 2831 istorum
486 2770 645 2832 dissimulat
661 2791 669 2829 ι
686 2789 777 2832 nemo
790 2769 925 2845 laborat,
938 2788 971 2834 ut

288 2847 408 2911 obscura
424 2850 471 2912 sua
490 2851 630 2935 cupiditas
649 2847 707 2914 ess'e
725 2850 869 2912 videatur.

306 2962 310 2967 ·
343 2947 411 3011 127.
422 2930 460 2994 ln
476 2933 550 2997 urbe
569 2930 667 2996 nostra
684 2931 900 3018 pulcherrime,
925 2948 972 2994 at·
