2550 4175
290 369 365 465 316
449 368 510 441 ΙΝ
550 372 788 437 Vennum

288 499 350 543 erat
365 477 465 561 quara:
484 483 686 564 neque-solum
703 485 904 565 argumentis,
921 481 971 544 sed

286 565 373 703 Etiam
394 561 479 640 certis
499 562 617 625 testibus
637 564 713 625 istius
738 565 858 627 avaritia
887 580 972 626 tene-

308 659 424 712 atur.
439 700 443 708 ,

299 752 302 755 ·
329 716 506 798 XXXIX.
527 722 629 785 Homo
649 725 754 785 certior
766 721 822 798 fit,
838 726 885 806 agi
901 725 971 786 nihil

286 804 316 862 in
335 801 403 863 foro
416 803 435 878 ,⁹
446 804 483 864 &
495 820 643 866 conventu
662 805 726 865 totis
745 804 817 875 die,
835 808 889 864 nisi
911 807 971 867 hoc

286 886 375 965 quaeri
392 906 408 947 a
424 885 573 945 nauarchis
585 884 857 964 ,quemadmodum
875 885 976 946 classis

287 962 358 1025 effet
374 962 470 1023 amissa
487 963 578 1030 :illos
593 965 792 1045 respondere,
811 965 970 1028 &docere

285 1063 521 1125 unumquemque
536 1045 697 1123 ,missione
714 1048 878 1127 remigum,
892 1045 970 1107 fame

286 1117 486 1205 reliquorum,
504 1121 674 1203 Cleomenis
689 1127 818 1200 timore,
841 1128 873 1185 &
890 1126 970 1209 fugai.

286 1204 381 1284 Quod
398 1203 647 1287 posteaquamiste
668 1207 971 1287 cognovit,hancra-

286 1288 397 1347 tionem
413 1285 522 1345 habere
535 1288 628 1367 coepit
647 1306 655 1345 ε
671 1286 788 1363 ¹causum
804 1287 858 1345 sibi
871 1288 971 1347 dicen·

287 1366 356 1426 dam
375 1362 432 1426 effe
451 1363 592 1427 statuerat
607 1364 667 1445 jam
692 1367 781 1440 ante,
801 1367 888 1447 quium
911 1369 970 1429 hoc

285 1445 336 1505 usu
359 1450 492 1520 veniret,
512 1448 553 1507 ita
571 1463 603 1507 ut
622 1446 715 1527 ipsum
734 1450 831 1528 priore
855 1447 970 1509 actione

287 1526 385 1587 dicere
412 1524 526 1587 audistis
546 1547 563 1604 ι,
575 1526 715 1600 videbat,
737 1527 791 1587 illis
819 1530 970 1589 navarchis

286 1605 427 1679 testibus,
444 1619 562 1666 tantum
582 1608 639 1667 hoc
659 1608 768 1667 crimen
788 1606 921 1670 sustinere
940 1608 969 1671 se

287 1686 373 1766 nullo.
386 1686 479 1746 modo
496 1683 602 1766 poss'eo
618 1687 770 1746 consilium
783 1691 859 1769 capit
874 1691 969 1770 primb

286 1763 400 1825 stultum
413 1783 426 1839 ,·
447 1783 650 1826 verumtamen
668 1768 807 1828 clemens.
888 1838 890 1842 ¹

332 1863 397 1905 102.
420 1843 636 1921 Cleomenem,
655 1848 687 1907 δι
707 1847 869 1908 navarchus
885 1850 921 1911 ad
940 1849 969 1911 se

286 1929 386 2007 vocari
397 1923 478 2006 juliet
494 1948 502 1987 t
518 1930 658 1988 veniunt:
675 1927 787 1989 accusat
798 1949 871 2003 eos,
889 1931 969 2012 qubd

249 2040 251 2044 ·
284 2004 449 2091 hujusmodi
467 2008 504 2069 de
522 2007 709 2070 sesermones
727 2010 879 2070 habuerint
897 2032 905 2071 t
922 2034 971 2072 ro·

286 2107 358 2172 gat,
375 2107 406 2149 ut
418 2091 449 2150 id
464 2090 560 2151 facere
574 2090 708 2151 desistant
719 2136 729 2165 ,
742 2093 774 2151 ὅ(
785 2094 814 2150 in
828 2091 875 2151 sua
890 2092 970 2173 quis-

270 2191 346 2252 -que
367 2173 435 2230 navi
454 2171 530 2231 dicat
543 2169 572 2231 se
589 2188 703 2232 tantum
721 2170 846 2232 habuiffe
865 2191 970 2233 nauta-

285 2271 371 2324 rum,
387 2266 529 2331 ‘quantum
549 2253 733 2332 oportuerit,
749 2271 844 2332 neque
862 2272 972 2332 quern·

286 2350 381 2412 quam
393 2327 450 2389 esse
463 2328 605 2389 dimissum
623 2351 630 2389 ε
647 2332 688 2391 illi
703 2331 854 2391 enimverb
871 2331 901 2391 se
920 2333 972 2393 os·

285 2410 429 2482 tendunt,
450 2410 531 2490 quod
548 2409 736 2484 vellet„effe
755 2408 890 2468 facturos.
911 2411 969 2476 Iste

287 2511 347 2548 non
369 2488 556 2573 procrastinat
567 2511 573 2548 :
584 2490 710 2562 advocat
727 2491 837 2549 amicos
854 2487 967 2555 statim:

284 2571 385 2650 quaerit
402 2576 451 2628 'ex
475 2569 526 2627 his·
543 2571 585 2626 sin
605 2569 730 2640 iliatim,
757 2587 829 2648 quot
848 2572 968 2654 quisque

285 2667 386 2710 nautas
394 2648 541 2725 habuerit:
554 2589 605 2707 rei
618 2649 702 2708 ondit
711 2647 898 2732 unusquisque
912 2698 921 2726 ,
935 2671 968 2716 ut

286 2747 348 2791 erat
371 2743 558 2811 praeceptum.
615 2740 634 2789 'e
658 2733 687 2790 in
711 2731 821 2790 tabulas
850 2732 966 2794 refert:

285 2812 420 2893 obsignat
439 2811 524 2893 signis
544 2811 723 2884 amicorum,
736 2811 895 2892 providens
908 2814 975 2872 ho-'

193 2914 196 2919 ⁴
287 2913 339 2959 mo
359 2909 416 2957 :ut
440 2908 541 2956 contra
565 2891 631 2955 hoc-
650 2895 783 2970 crimen,
803 2893 967 2976 siquando
