2550 4175
366 388 467 458 Pno
492 387 542 457 Μ.
568 390 823 462 Fomro.
876 389 950 487 383

309 499 371 562 lx.
389 501 742 580 Recordomini,Judices
753 524 955 589 ,quantopere

275 583 402 645 laborare
417 582 552 659 soleatis,
573 607 635 646 non
656 588 750 648 modo
768 589 837 668 quid
855 589 956 649 dicatis

275 685 325 745 pro
338 663 504 725 testimonio
519 665 588 740 ,sed
605 669 714 740 etiam,
732 669 835 748 quibos
852 671 953 731 verbis

275 747 409 819 utamini,
428 764 464 805 ne
486 746 567 827 quod
586 748 681 807 minin
700 747 850 807 moderat'e
871 752 957 832 posi⁴

275 842 331 885 turn
347 869 357 899 ,
375 846 413 886 ne
476 828 517 886 od
534 827 571 886 ab
589 827 685 910 eliqua
706 821 862 909 cupiditite
917 851 956 891 o·

275 905 379 987 npsum
395 926 449 967 ver
469 927 518 967 um
536 905 593 969 else
610 910 755 970 videamr.
767 907 860 968 Vultu
891 914 956 971 eni*

275 1005 327 1068 rue
343 986 481 1047 laboratis
493 1007 550 1063 ,nc
560 1007 617 1071 qun
628 987 782 1074 significari
799 992 890 1071 possit
901 989 957 1053 sus·

275 1068 527 1210 sibilis
544 1090 552 1129 ²
570 1071 955 1215 lirissst’ll‘l:

275 1228 368 1302 doris,
386 1251 420 1291 ac
435 1171 603 1313 religlllliis3
622 1231 676 1308 δι,
690 1251 779 1314 quum
794 1175 956 1307 discedilis,

275 1329 306 1450 {a
321 1310 472 1392 diligenter
493 1310 665 1372 conservata
683 1356 694 1384 ,
712 1332 747 1372 ac
775 1328 888 1372 retenta
907 1315 957 1373 vi·

291 1407 382 1451 eatur.

276 1555 300 1611 n
315 1467 490 1611 sniis?
504 1468 957 1633 litlzff‘lrlsglllt‘ll

276 1634 396 1714 primum
420 1630 490 1689 illud
511 1631 635 1692 verbum
658 1632 955 1693 consideratissimum

276 1710 375 1773 nostrae
392 1711 627 1786 consuetudinis,
652 1714 803 1785 Arbitror,
821 1727 881 1795 quo
900 1733 957 1773 nos

276 1795 359 1853 etiam
377 1809 444 1853 tunc
466 1795 594 1865 utimur,
670 1815 699 1853 m
717 1814 752 1853 ea
770 1792 890 1854 dicimus
912 1792 959 1873 ju·

276 1875 347 1947 rati,
369 1893 433 1954 quae
455 1887 605 1953 comperta
643 1874 791 1944 abemus,
816 1895 880 1955 quae
901 1876 957 1952 ipsi

276 1954 421 2026 vidimus,
442 1972 478 2012 ex
498 1968 564 2011 toto
582 1949 749 2011 testimonio
761 1952 812 2011 suo
829 1951 959 2023 sustulit,
1059 1987 1061 1994 ·

276 2051 301 2097 et
322 2053 358 2095 ue
372 2035 471 2094 omnia
484 2031 513 2093 se
520 2031 592 2112 scire
607 2029 688 2091 dixit.
702 2031 869 2093 Verebatur
880 2034 958 2093 enim

276 2055 429 2185 vilelicet,
442 2132 480 2173 ne
492 2111 560 2194 quid
572 2111 650 2206 apud
661 2132 717 2172 vos
733 2157 743 2184 ‚
748 2112 960 2251 1Ροριιίιιπιιᾚιιο

276 2197 441 2259 Romanum
460 2194 499 2252 de
520 2190 729 2253 existimatione
760 2191 850 2252 uado
892 2212 905 2251 r
927 2212 962 2253 e·

276 2296 319 2339 ret
333 2298 340 2336 ε
352 2296 389 2337 ne
400 2294 458 2356 qua
473 2273 551 2334 sama
561 2271 784 2367 consequeretur
797 2270 845 2352 eju
859 2273 960 2348 modi,

276 2358 511 2421 induciomarum
521 2400 532 2427 ‚
541 2355 628 2415 talem
638 2374 734 2414 virum
743 2398 753 2427 ,
763 2370 823 2413 tam
833 2354 938 2435 cupidi
948 2398 961 2427 ,

276 2459 334 2500 tam
351 2438 463 2499 temere
481 2433 577 2496 dixisse
597 2456 604 2494 :
623 2452 684 2494 non
706 2434 903 2517 intelligebat,
929 2432 959 2495 se

277 2524 306 2580 in
322 2516 488 2579 testimonio
502 2514 570 2577 nihil
588 2532 693 2598 praeter
710 2535 838 2589 vocem,
860 2515 891 2575 δι
905 2534 960 2587 os,

278 2601 312 2659 &
330 2598 477 2658 audaciam
502 2618 540 2659 ne
562 2618 598 2658 ue
626 2595 736 2656 civibus
762 2594 841 2670 suis,
863 2614 961 2678 neque

278 2677 486 2740 accusatoribus
501 2618 603 2739 nolris
614 2675 746 2758 praestare
758 2676 879 2738 debere.

322 2776 370 2818 20.
397 2756 446 2816 An
468 2760 540 2818 verb
559 2756 624 2816 istas
649 2759 803 2828 nationes,
820 2755 962 2837 religione

278 2836 485 2922 jurisjurandi,
507 2858 540 2898 ac
567 2852 649 2898 metu
673 2835 797 2896 deorum
813 2836 966 2899 immorta-
