2550 4175
358 706 613 774 Acrtouts
638 701 690 770 11.
715 701 751 768 L.
775 700 839 770 IV.
890 719 965 791 ¹97

282 818 367 877 nium
384 815 444 876 fere
470 817 607 874 comitatu
632 816 734 895 tegio,
755 832 844 896 atque
862 831 965 875 ornatu

285 895 400 968 fuiffet;
425 899 448 954 is
483 915 553 953 uum
568 895 697 966 amicus,
714 895 850 954 &socius
864 895 967 977 populi

285 977 416 1037 Romani
434 995 451 1035 e
474 992 533 1048 et,
561 975 732 1034 amicissimo
777 993 859 1049 atre,
881 997 965 1048 avo,

285 1056 472 1135 majoribus,
500 1054 719 1134 antiquissimis,
808 1055 967 1115 clarissimis

285 1139 402 1219 regibus
411 1181 421 1210 ‚
431 1134 650 1217 opulentissimo
660 1179 670 1208 ‚
682 1134 714 1193 &
725 1136 852 1194 maximo
862 1155 966 1215 regno,

308 1238 416 1298 taeceps
426 1236 443 1277 e
453 1216 602 1298 provincia
614 1215 715 1296 populi
731 1213 859 1276 Romani
869 1233 967 1276 extur-

285 1239 370 1359 datus
389 1295 439 1358 est.

326 1378 375 1438 68.
390 1377 650 1458 Quemadmodum
663 1378 719 1438 hoc
734 1394 900 1458 accepturas
911 1398 966 1437 na·

284 1460 383 1519 tiones
399 1476 510 1519 exteras
527 1457 795 1538 :quemadmodum
818 1457 901 1534 hujus
924 1459 967 1530 tui

283 1536 351 1597 fasti
370 1538 476 1598 famam
499 1541 530 1596 in
551 1558 641 1619 regna
664 1539 811 1609 aliorum,
828 1556 913 1618 atque
936 1540 967 1594 iu

284 1618 400 1676 ultimas
415 1636 504 1678 terras
518 1633 722 1696 perventuram
735 1614 837 1698 putasti
849 1662 858 1689 ‚
877 1636 967 1697 quum

284 1697 426 1758 audierint
437 1718 453 1756 a
466 1713 591 1775 praetore
601 1697 704 1776 populi
712 1696 838 1754 Romani
852 1700 880 1755 in
895 1717 967 1775 pro·

284 1779 380 1837 vincia
396 1777 538 1836 violatum
559 1795 682 1857 regem,
695 1774 848 1855 spoliatum
868 1774 966 1855 hospi·

284 1874 368 1931 tem,
384 1856 509 1937 ejedlum
520 1855 631 1915 socium
652 1856 751 1937 populi
764 1855 890 1916 Romani
902 1902 912 1931 ,
923 1874 966 1916 at·

306 1959 342 1999 ue
360 1937 507 1998 amicum?
524 1934 644 1997 Nomen
662 1935 786 1997 vestrum
807 1937 966 2019 populique

284 1959 443 2093 domani,
471 2018 573 2092 odio,
597 2035 682 2099 atque
704 2019 851 2079 acerbitati
878 2017 967 2079 scito-

284 2117 316 2161 te
332 2099 495 2161 nationibus
522 2101 648 2172 exteris,
667 2099 802 2172 ludices,
818 2099 965 2174 fututum,

284 2182 310 2239 si
326 2179 400 2242 istius
416 2181 477 2240 haec
491 2195 571 2240 tanta
593 2175 695 2256 injuria
708 2182 848 2259 impunita
865 2180 967 2241 disces·

283 2259 351 2321 serit
367 2282 375 2319 ι
390 2262 430 2320 sic
445 2280 548 2321 omues
564 2260 775 2320 arbitrabuntur
789 2260 966 2340 ,praesertim

284 2360 374 2422 quum
384 2341 444 2401 haec
455 2344 575 2403 omnino
590 2338 668 2401 fama
682 2340 719 2400 de
732 2336 894 2400 nostrorum
908 2339 966 2401 ho·
1028 2386 1030 2401 ,
1067 2382 1069 2387 -

283 2422 396 2481 minum
412 2424 548 2494 avaritia,
567 2423 600 2482 δι
620 2421 775 2502 cupiditate
788 2422 966 2503 percrebue·
1031 2484 1034 2491 ,

283 2504 321 2563 rit
335 2548 345 2577 ‚
363 2524 422 2562 non
438 2501 514 2563 istius
526 2500 611 2563 solius
625 2503 683 2562 hoc
699 2500 755 2562 effe
770 2500 902 2575 facinus,
915 2501 966 2562 sed

284 2603 387 2644 eorum
407 2585 517 2655 etiam,
531 2586 579 2663 qui
599 2582 798 2664 approbarint.
819 2582 905 2643 Multi
919 2603 967 2645 rer

284 2683 357 2746 ges,
374 2664 472 2724 multae
486 2662 584 2724 libera
601 2666 751 2739 civitates,
762 2662 847 2723 multi
861 2665 966 2745 privati

283 2745 466 2824 opulentiae
484 2760 641 2824 potentes,
659 2742 767 2805 habent
781 2742 913 2825 ptofedd
933 2744 992 2821 iu

283 2825 381 2884 animo
403 2822 582 2905 Capitolium
600 2825 638 2883 sic
661 2845 786 2899 ornate,
809 2841 841 2884 ut
860 2840 920 2887 tem

284 2902 406 2984 dignitas
420 2948 429 2974 ,
445 2906 615 2985 imperiique
625 2902 713 2965 nostri
724 2924 834 2965 nomen
848 2846 948 2985 desidi

283 2999 350 3043 tat:
368 2986 416 3064 qui
429 2985 453 3043 si
474 2984 685 3059 intellexerint,
699 2982 857 3047 interverso
874 3006 905 3047 re

283 3062 342 3123 hoc
360 3063 461 3135 dono,
497 3066 602 3126 ravitet
616 3085 672 3124 vos
682 3061 793 3135 tuliffe3
829 3080 888 3127 tata
910 3088 935 3125 o*

283 3140 393 3212 vobis,
408 3084 725 3283 Eoptdoquekomano
745 3140 794 3203 sua
845 3144 909 3225 dia!

284 3222 363 3287 dona
378 3242 409 3284 at
430 3221 588 3283 itrahumur
606 3244 614 3283 z
633 3224 679 3284 sin
697 3222 755 3283 hoc
772 3244 833 3363 1vos¹
850 3226 911 3285 int

805 3322 836 3383 ¹11

943 2820 1003 2917 it?

943 2936 966 3040 i·

993 2688 1109 2921 Γ

998 2874 1003 2881 ι

992 2886 1004 2899 ,μ
