2550 4175
275 350 352 444 '428
503 346 722 415 Oanrro

275 486 339 546 quae
361 464 384 524 si
403 463 494 524 tacitis
512 464 596 523 nobis
616 462 738 545 intelligi
757 455 873 539 pollet,
891 477 961 521 ver·

276 546 321 612 bis
339 547 459 606 omnino
477 566 538 604 non
553 561 701 605 uteremur
719 564 726 603 ε
745 542 810 622 quia
829 562 892 601 non
910 562 962 621 po·

276 622 331 686 test
345 646 355 698 ;
370 627 460 686 verba
476 643 591 707 reperta
610 623 674 684 sunt
687 669 696 699 ,
711 641 773 684 non
788 641 855 702 quae
869 624 963 703 impe·

277 706 372 765 ditent
386 750 395 777 ‚
409 706 460 767 sed
482 727 546 787 quae
563 706 723 765 indicarent
740 702 944 763 voluntatem.'

320 785 416 850 XIX.
436 786 498 846 Lex
516 785 595 846 usum
609 786 807 846 auiioritatem
818 782 904 843 fundi
918 782 964 862 'pu-

250 893 251 897 ‘
277 866 329 926 bet
346 865 402 927 effe
420 868 591 927 biennium:
610 884 638 926 at
654 868 761 925 utimur
777 864 887 925 eodem
903 862 963 944 jure

276 947 307 1005 in
327 948 435 1006 aedibus
448 993 458 1021 ‚
472 968 535 1027 quae
552 950 581 1006 in
601 947 669 1029 lege
688 968 747 1006 non
771 945 962 1025 appellantur.

279 1026 310 1087 Si
326 1030 374 1088 via
391 1030 427 1087 sit
455 1029 625 1100 immunita,
650 1025 754 1101 iubet,
781 1026 839 1107 qui
864 1026 962 1099 velit,

280 1127 368 1188 agere
392 1105 554 1183 iumentum
576 1107 702 1187 :potest
730 1107 788 1167 hoc
810 1127 849 1166 ex
868 1107 962 1168 verbis

278 1187 425 1269 intelligi,
441 1189 527 1248 licere
541 1232 553 1260 ‚
572 1191 595 1248 si
612 1190 661 1249 via
678 1191 714 1248 sit
729 1190 758 1247 in
777 1186 897 1248 Bruttiis
909 1189 963 1247 im·

280 1271 412 1341 munita,
440 1292 456 1329 a
477 1289 546 1341 ere,
573 1271 596 1327 si
615 1269 708 1341 velit,
726 1266 893 1341 jumentum
915 1287 963 1350 per

279 1347 328 1409 Μ.
347 1348 446 1410 Scauri
457 1290 667 1410 gl‘usculanum.
683 1349 771 1410 Attio
790 1347 832 1409 est
849 1352 881 1409 in
901 1370 964 1410 auc·

281 1446 378 1491 torem
398 1430 569 1512 praesentem
587 1431 630 1489 his
647 1431 760 1505 verbis,
780 1432 965 1569 guandoqui-

282 1512 342 1571 dem
359 1530 386 1570 te
405 1515 435 1571 in
444 1510 508 1590 jure
525 1511 661 1593 conspicio
676 1533 685 1572 t
699 1512 786 1570 haca
815 1513 886 1572 ione
903 1516 931 1573 A

281 1593 346 1673 pius
363 1592 412 1652 ille
421 1590 524 1653 Caecus
539 1596 579 1651 uti
595 1614 656 1652 non
673 1589 792 1673 pollet,
810 1593 834 1649 si
854 1609 916 1653 tam
937 1612 968 1653 e·

283 1672 355 1733 vere
377 1672 511 1734 homines
538 1673 630 1733 verba
655 1671 913 1747 conseilarentur‚
937 1689 968 1733 ut

253 1815 256 1820 ,
281 1770 367 1825 rem,
386 1749 466 1833 cujus
487 1754 572 1813 causi
586 1752 679 1815 verba
691 1752 775 1827 sunt,
788 1774 851 1812 non
871 1757 971 1813 consi·

283 1829 430 1894 deterrent.
455 1831 648 1896 Testamento
678 1837 702 1895 si
726 1836 863 1896 recitatus
883 1833 970 1895 heres

282 1910 354 1974 esset
371 1912 495 1996 pupillus
515 1912 691 1990 Cumanus,
706 1913 786 1997 isque
799 1912 859 1995 jam
877 1916 970 1976 anuosv

285 2010 334 2055 xx
345 1994 466 2057 haberet
480 2016 491 2070 ;
506 1997 593 2059 vobis
607 1998 813 2080 interpretibus
823 2000 971 2060 amitteret

282 2073 486 2138 hereditatem.

330 2176 377 2299 U.
393 2157 525 2219 Veniunt
538 2159 567 2218 in
578 2177 709 2222 mentem
722 2161 792 2222 mihi
804 2160 971 2243 permulta;

286 2259 329 2300 vo
352 2243 374 2300 is
393 2240 496 2320 plura,
514 2241 594 2301 certi)
612 2241 671 2302 scio
691 2245 843 2317 tuemur,
862 2264 903 2305 ne
923 2245 972 2304 ni·

285 2322 378 2381 milam
391 2320 479 2381 multa
497 2321 744 2402 compleilamur‚
759 2341 787 2384 at
808 2344 847 2385 ue
859 2326 898 2384 ab
912 2344 970 2399 eo,

285 2402 367 2492 quod
379 2402 561 2482 propositum
581 2401 622 2462 est
634 2447 643 2477 ‚
655 2404 768 2486 longius
779 2345 896 2466 aiente
907 2426 973 2466 ora·

286 2494 329 2538 tio
348 2502 355 2540 :
374 2482 432 2542 hoc
449 2483 455 2495 ’
478 2480 538 2541 sum
552 2483 760 2556 interdiilum',
776 2486 813 2546 de
829 2506 892 2566 quo
909 2488 975 2568 agi-

286 2573 352 2634 tur,
368 2564 446 2622 cons‘
471 2582 598 2624 eremus.
611 2562 773 2646 Intelligitis
794 2569 916 2626 enimin
935 2588 975 2628 eo

286 2638 366 2720 ipso,
375 2643 399 2700 si
410 2644 439 2702 in
451 2643 548 2707 verbis
558 2641 604 2723 jus
613 2643 838 2720 constituamus,
850 2669 976 2710 omnem

286 2721 441 2784 utilitatem
461 2746 516 2785 nos
535 2722 618 2804 hujus
638 2726 802 2802 interdiiii,
819 2728 889 2788 dum
899 2750 977 2791 ver-

287 2799 364 2875 suti,
389 2805 422 2865 &
444 2806 540 2867 callidi
557 2806 694 2870 volumus
711 2805 790 2881 effe,
813 2808 978 2874 amilluros.

286 2885 372 2956 ,vade
384 2903 415 2947 tu
422 2930 435 2960 ,
453 2907 503 2950 aut
510 2887 627 2971 finilia
634 2933 651 2963 „
664 2905 885 2972 autprocurator
898 2911 978 2956 tuus.
