2550 4175
388 423 639 498 ‘Acrtonrs
664 427 711 496 II.
736 429 771 496 L.
799 427 864 496 Ill.
921 445 974 519 77

293 542 418 601 domino
429 558 477 601 xx
487 541 574 601 millia
585 542 735 602 nummilm
744 565 798 623 pro
812 561 834 602 x
849 539 955 602 miserit
967 560 975 600 :

294 623 350 681 sibi
367 623 421 681 alia
439 639 579 701 praeterea
596 641 713 683 centum
731 622 889 683 confecerit
900 642 908 680 ι
919 624 979 702 pri·

293 704 345 762 rnb
355 701 490 762 dominus
500 747 511 773 ‚
521 705 635 784 ignarus
648 703 826 762 incommodi
839 701 879 761 sui
890 721 979 781 ‚gau-

294 781 383 857 deat,
402 781 557 863 villicoque
590 782 766 858 delecletur,
789 782 868 865 quod
893 782 976 840 rantb

294 863 348 922 sibi
380 863 444 942 plus
475 862 618 922 mercedis
648 883 683 923 ex
707 862 799 923 fundo
838 860 978 923 refellunt

293 942 348 1001 sit:
362 940 487 1013 deinde,
504 963 592 1023 quum
609 943 751 1016 audierit,
769 964 816 1003 eas
829 962 875 1001 res
890 986 900 1014 ,
914 944 978 1022 qui·

292 1022 347 1082 bus
367 1021 448 1081 fundi
466 1021 595 1094 frudun,
617 1024 776 1083 &cultura
794 1024 977 1092 concinetur,

293 1119 426 1174 amotas,
455 1102 487 1161 &
509 1103 673 1176 venditas,
698 1103 810 1163 summo
838 1101 977 1182 supplicio

293 1182 423 1243 villicum
449 1180 583 1256 afficiat,
610 1183 642 1242 &
668 1183 764 1243 secum
791 1183 866 1242 male
882 1181 977 1241 allum

294 1279 395 1342 putet:
411 1265 480 1322 item
501 1263 625 1343 populus
642 1261 813 1335 Romanus,
849 1282 916 1320 uum
928 1281 980 1318 au-

296 1342 338 1400 dit
348 1386 357 1414 ‚
369 1343 456 1421 pluris
467 1342 601 1402 decumas
607 1341 767 1403 vendidille
778 1340 814 1401 C.
862 1360 977 1412 errem,

318 1421 386 1480 uim
405 1424 671 1482 innocentissimum
688 1423 858 1495 hominem,
870 1422 916 1480 cui
927 1419 978 1481 isse

293 1442 445 1575 successit,
460 1500 497 1561 C.
510 1501 698 1562 Sacerdotem
711 1547 719 1576 ‚
731 1517 816 1582 'putat
825 1502 853 1562 se
865 1502 977 1561 bonum

294 1584 324 1642 in
348 1584 543 1655 arationibus,
568 1581 756 1664 sruslibusque
775 1581 829 1641 suis
850 1579 977 1641 habuiss'e

294 1660 467 1735 custodem,
493 1683 528 1723 ac
554 1662 708 1722 villicum:
729 1684 817 1743 quum
841 1662 978 1735 senserit,

293 1742 377 1802 istum
395 1762 484 1802 omne
496 1741 715 1804 instrumentum
734 1761 901 1817 aratorum,
917 1763 978 1802 om·

293 1825 342 1884 nia
361 1822 484 1883 subsidia
505 1823 689 1905 velligalium
716 1823 896 1897 vendidisse,
910 1844 977 1884 om·

293 1924 365 1963 nem
385 1902 465 1983 spem
482 1902 654 1983 posteritatis
675 1905 793 1964 avaritid
813 1904 863 1963 sud
887 1901 979 1962 sustu-

294 1982 355 2042 lilse
367 2026 375 2054 ‚
390 1983 533 2042 arationes
544 2026 554 2054 ‚
565 1984 690 2063 &agros
705 1983 860 2063 vesligales
871 1981 980 2042 vastas-

296 2061 347 2136 se,
358 2078 445 2142 atque
453 2060 605 2123 exinanisse
614 2063 644 2134 ,i
666 2060 726 2121 sum
736 2065 877 2122 maximos
889 2061 981 2143 quaes·

294 2160 364 2214 tus,
382 2141 548 2223 praedasque
573 2083 696 2216 fecilld,
722 2144 863 2225 intelliget
881 2142 978 2203 secum

295 2222 391 2282 allum
413 2221 469 2282 esse
485 2222 627 2303 pessimd:
645 2221 727 2284 istum
745 2241 841 2284 autem
863 2222 978 2285 summo

294 2302 433 2443 supsslicio
452 2303 571 2383 dignum
585 2301 762 2363 existimabit.

482 2371 489 2384 ἱ

368 2382 391 2443 Ι.
410 2382 499 2443 Unde
510 2404 582 2466 ergo
598 2383 656 2443 hoc
675 2383 794 2465 intelligi
812 2382 927 2463 potest?
940 2402 979 2447 ex

294 2463 353 2523 hoc
370 2464 493 2523 maxime
505 2508 515 2537 ,
529 2464 608 2544 quod
625 2483 695 2545 ager
713 2464 887 2525 decumanus
899 2484 983 2547 ¹pro-⁸

294 2546 398 2603 vinciae
415 2542 517 2604 Siciliae
530 2561 653 2624 propter
667 2541 743 2603 istius
757 2544 909 2605 ¹avariticrn
924 2544 988 2607 tle&

294 2622 384 2683 sertus
394 2621 435 2683 est
447 2643 561 2705 :neque
573 2624 604 2683 id
620 2622 714 2684 sollrm
727 2623 831 2685 accidit
845 2626 921 2699 ,uti

296 2706 350 2763 nita
370 2703 466 2763 multia
488 2702 563 2786 jugis
582 2720 717 2777 ararent,
740 2706 830 2787 siqui
853 2702 893 2765 in'

296 2782 490 2843 remanserunt
503 2804 513 2857 ;
528 2783 578 2844 sed
597 2787 708 2855 etiarn,
723 2798 757 2843 ut
777 2784 921 2865 permulti·

297 2862 428 2943 cupletes
451 2863 604 2936 homines,
621 2865 720 2945 magni
739 2862 772 2923 &
792 2864 858 2923 navi

295 2960 370 3019 res,
393 2960 477 3024 agros
493 2940 576 3007 letor
594 2962 630 3005 cc
656 2942 766 3019 seniles
780 2944 804 3083 Id
