2550 4175
392 443 641 526 Acrrours
666 438 714 513 ΙΙ.
738 440 775 513 L
800 441 866 522 ΙΙΙ.
919 461 972 532 29

293 557 531 632 Siciliafrumenti
540 560 688 622 hornotini
698 555 975 637 exaraveruntzgle·
1012 555 1027 576 ·’

294 633 364 701 bam
382 638 552 702 commosset
568 644 597 701 in
608 661 679 723 agro
696 638 856 708 decumano
869 635 981 695 Siciliae-

294 741 407 795 nemo,
434 722 458 779 si
483 720 622 783 Metellus
641 720 715 780 hanc
737 716 893 799 epistolam¹
910 736 972 775 non

292 799 420 863 misisset.
432 798 515 880 Quid
529 802 540 853 l
559 800 684 862 Metello
703 800 837 860 divinitus
846 797 904 857 hoc
917 815 980 858 ve·.

293 883 338 941 nit
356 883 385 941 in
409 895 538 941 mentem
556 902 563 939 :
584 903 621 941 an
637 881 674 941 ab
692 877 815 952 Siculis,
836 879 884 958 qui
908 875 975 943 Ro·¹

293 981 373 1020 mam
392 958 434 1020 sre
455 962 613 1021 uentissimi
631 974 857 1031 convenerant,
881 976 975 1037 nego·

293 1040 410 1101 tiat'orib
443 1060 499 1121 que
515 1037 730 1112 Siciliae'doslus
748 1036 812 1098 est?
829 1056 952 1118 quorum
963 1079 980 1109 ,,

293 1122 394 1202 quanti
408 1138 571 1194 conventus
584 1120 622 1180 ad
641 1118 821 1191 Marcellos,
835 1118 982 1197 antiquis--

295 1203 385 1262 simos
419 1200 523 1261 Siciliae
544 1218 685 1281 patronos¹
706 1245 727 1274 ,¹
744 1199 842 1280 quanti
859 1197 897 1257 ad
915 1194 978 1262 Cnt

294 1277 490 1363 Pompeium,
507 1279 654 1342 consulem
672 1281 875 1359 designatum,
892 1287 976 1335 cete*

294 1358 399 1441 rosque
421 1362 494 1420 illius
507 1357 674 1441 ¹provinciae
699 1356 893 1430 necessarios,
914 1354 978 1416 sieri

295 1437 371 1500 soliti
382 1442 437 1499 sint
449 1484 458 1512 ‚
470 1442 532 1520 quis
544 1442 679 1522 ignorat?
689 1437 784 1518 Quod
797 1436 916 1518 quidem
926 1432 980 1511 ju-.

295 1519 403 1581 dicium
425 1519 505 1580 nullo
522 1540 659 1601 umquam
680 1518 717 1578 de
732 1518 851 1591 immine
869 1514 977 1575 saslurn

296 1598 359 1674 est,
379 1616 412 1659 ut
429 1599 530 1660 absens
555 1598 730 1678 accusaretur
748 1598 784 1659 ab
804 1596 838 1656 iis
857 1596 989 1677 pssunt„

295 1701 421 1764 quorum
436 1681 465 1739 in
481 1679 559 1739 bona
572 1677 755 1758 ,liberosque
764 1678 907 1737 summum
920 1679 980 1756 im7

295 1763 427 1842 perium,
442 1757 617 1841 potestatem
638 1779 675 1819 ue
686 1754 976 1842 liaberetTantavis

296 1857 359 1902 erat
377 1836 564 1919 injuriarum,
580 1856 613 1899 ut
652 1842 765 1899 omines
776 1837 889 1920 quidvis
905 1857 976 1917 per-

294 1922 374 2002 peti,
384 1918 472 2000 qulm
485 1940 545 1980 non
558 1917 595 1979 de
608 1916 686 1998 istius¹
699 1919 841 1998 pravitate
858 1918 891 1977 &
900 1913 983 1996 injus

296 1999 344 2059 tiis
361 1996 536 2078 deplorare,
553 1998 586 2057 &
604 2000 744 2077 conqueri
757 1993 895 2078 mallent.¹

320 2076 389 2153 '46.
410 2069 618 2159 Quas'litteras
633 2073 728 2160 'quum
756 2077 793 2137 ad
813 2096 915 2139 omnes
935 2071 981 2137 ci·.'

295 2156 400 2222 vitates
409 2158 501 2253 prope
510 2155 674 2238 suppliciter
686 2154 802 2219 misisset
816 2150 953 2219 Metellus
965 2146 981 2239 ζ

294 2256 395 2300 tamen
413 2255 560 2319 antiquum
579 2238 701 2299 modurn
717 2237 831 2298 sationis
848 2237 925 2298 nulla
940 2258 977 2298 ex

294 2338 379 2403 parre
390 2315 495 2399 assequi
506 2321 601 2398 potuit
616 2339 624 2378 :
638 2312 809 2400 diffugerant
821 2322 899 2378 enim
910 2339 978 2398 per·

295 2400 379 2460 multi
392 2444 402 2474 ‚
419 2397 448 2458 id
462 2397 543 2480 quod
555 2397 706 2460 ostendam
720 2420 727 2457 ι
739 2420 799 2459 non
808 2396 900 2459 solirm
913 2420 978 2458 ara-

295 2477 470 2553 tiones‚sed
485 2479 571 2541 etiam
588 2477 670 2540 sedes
685 2477 746 2538 suas
762 2480 887 2560 patrias,
901 2475 977 2538 istius

294 2556 403 2641 injuriis
419 2557 573 2652 exagitati,
583 2557 767 2640 reliquerant.
778 2552 849 2619 Non
861 2558 981 2631 meher-¹

295 2639 362 2700 cule
380 2638 504 2699 crimims
521 2638 644 2720 augendi
666 2638 751 2699 causi
767 2639 880 2713 dicam,
892 2636 977 2699 sudi-

297 2738 346 2778 ces
367 2715 442 2778 :sed
458 2763 467 2792 ,
486 2738 574 2800 quem
592 2721 690 2800 accepi
706 2718 765 2800 ipse
782 2714 895 2793 oculis,
911 2714 984 2793 aniss}
1043 2714 1059 2761 ·'

297 2816 406 2876 moque
418 2796 527 2858 sensum
539 2843 550 2870 ,
563 2797 639 2858 hunc
648 2799 719 2859 uere
734 2797 812 2878 apud
827 2819 904 2873 vos,
920 2796 982 2873 ἃ,

298 2892 332 2938 ut
348 2893 470 2954 potero,
483 2876 648 2960 planissime
659 2899 813 2958 exponam.
957 2886 964 2905 '

339 2971 391 3033 47.
414 2953 515 3033 Nam,
541 2977 630 3040 quum
650 2953 925 3097 quadrienssiqnpost
945 2956 978 3029 in

587 3058 590 3063 ·
828 3055 856 3112 1¹1
