2550 4175
389 417 648 495 :terr-oms
672 421 722 495 11.
747 421 785 493 L.
814 422 855 493 V.
904 424 984 518 3'57

280 557 393 602 nem:
410 541 517 625 aliquid
537 539 575 601 de
592 537 705 600 summo
724 539 863 622 supplicio
883 542 985 601 remit·
1010 578 1012 583 ·

298 637 376 684 teres
393 643 400 683 ι
421 626 445 683 si
463 626 633 706 ignoraret:
650 639 712 680 turn
728 622 752 679 si
768 623 808 681 ita
824 622 877 682 ribi
897 621 986 682 vide·

296 719 378 766 retur
397 748 408 784 ,
429 704 488 765 hoc
510 702 580 783 juris
594 703 624 760 in
642 721 744 762 omnes
768 700 985 778 constitueres,

296 797 359 868 ¹¹¹)
379 787 430 866 qui
454 791 555 871 neque¹
572 784 625 842 tibi
649 798 733 842 notus
758 779 861 857 esset,
888 802 987 865 neque

296 867 484 946 cognitorem
510 864 689 945 locupletem
714 863 827 937 daret,
852 865 986 945 quamvis

295 945 369 1007 civis
397 945 548 1012 Ronanus
570 942 642 1008 ellet
662 989 674 1020 ,
697 946 728 1007 in
750 964 870 1007 crucem
896 944 986 1005 tolle·

295 1040 386 1087 tetur·
830 1049 834 1053 ’

338 1101 467 1167 LXVI.
486 1106 547 1169 Sed
560 1108 630 1189 quid
644 1128 702 1191 ego
719 1107 803 1204 plura
813 1107 850 1169 de
861 1102 986 1169 Gavio?

295 1186 378 1267 quasi
390 1205 422 1246 tu
435 1186 536 1248 Gavio
552 1205 615 1247 tum
625 1188 713 1248 fueris
723 1187 841 1249 infestus
853 1232 863 1258 ,
876 1210 911 1247 ac
922 1207 986 1248 non

295 1270 432 1342 nomini,
447 1269 573 1349 generi,
591 1264 647 1344 juri
666 1269 775 1326 civium
794 1264 903 1326 hostis:
923 1288 986 1327 non

295 1344 359 1422 illi',
367 1345 486 1431 inquam
498 1392 508 1420 ‚
518 1347 634 1406 homini
645 1390 655 1419 ,
665 1345 717 1405 sed
726 1344 816 1405 causae
836 1347 987 1406 communi

295 1424 436 1490 libertatis
454 1428 587 1488 inimicus
605 1424 691 1486 fuisti.
718 1425 802 1505 Quid
821 1428 900 1485 enim
918 1428 987 1486 atti·

295 1511 381 1583 nuit,
395 1529 485 1590 quum
496 1508 687 1580 Mamertini,
704 1526 788 1567 more
800 1522 887 1586 atque
907 1505 987 1567 inlli-

295 1588 447 1663 turnino,
460 1610 577 1650 crucem
591 1585 713 1648 fixissent
732 1584 798 1668 post
813 1587 938 1660 urbem,
955 1587 988 1649 in

295 1669 348 1731 via
363 1668 437 1730 Pom
461 1672 526 1745 eia;
541 1689 571 1730 te
581 1667 683 1749 jubere
695 1671 771 1731 inea
801 1685 864 1729 arte
915 1687 988 1740 ere,

296 1768 362 1830 quae
376 1750 413 1811 ad
440 1768 534 1813 tetum
550 1749 706 1832 spedaret:
728 1751 760 1811 &
777 1691 835 1810 doc
854 1749 891 1810 ad
914 1769 986 1825 ete,

295 1830 379 1912 quod
399 1851 508 1912 negare
528 1831 610 1892 nullo
632 1830 725 1891 modo
746 1848 858 1910 potes,
880 1829 987 1910 quod,

296 1909 435 1970 omnibus
461 1910 672 1983 audientibus,
694 1908 786 1967 dixisti
808 1910 933 1989 palam,
954 1926 1004 1990 te,

294 1990 407 2050 idcirco
421 1989 502 2051 illum
518 1990 617 2049 locutu
631 1987 782 2067 deligere,
801 1998 834 2047 ut
846 1988 919 2062 ille,
936 1991 988 2068 qui

294 2069 327 2132 se
341 2070 438 2132 civem
453 2069 622 2130 Romanum
632 2065 689 2128 effe
700 2066 829 2138 diceret,
849 2088 886 2128 ex
900 2086 988 2131 cruce

294 2150 412 2218 Italiam
431 2170 571 2222 cernere,
586 2169 620 2207 ac
635 2148 758 2208 domum
777 2145 855 2207 suam
871 2147 989 2229 prospi·
1061 2212 1068 2232 x

295 2252 365 2295 cere
382 2229 475 2313 pollet
494 2230 505 2290 i
526 2229 627 2311 Itaque
644 2229 691 2289 illa
713 2249 782 2288 crux
796 2228 857 2288 sola
874 2273 885 2303 ,
903 2228 989 2290 Judi-

296 2334 347 2376 ees
357 2358 368 2389 ,
380 2311 446 2395 post
464 2311 613 2374 conditam
628 2307 791 2371 Messanam
805 2309 856 2371 illo
869 2313 899 2369 in
918 2313 989 2374 loco

296 2393 355 2456 fixa
371 2392 421 2455 est.
442 2392 532 2456 ltaliae
547 2391 715 2473 conspedlus
730 2391 767 2450 ad
786 2411 852 2452 eam
868 2411 931 2451 rem
949 2392 987 2454 ab

296 2473 352 2534 isto
373 2474 499 2536 deleelus
520 2471 582 2548 est,
601 2490 634 2534 ut
654 2473 702 2533 ille
716 2474 746 2532 in
766 2471 900 2547 dolore,
920 2494 989 2532 cru-

297 2556 432 2633 ciatuque
449 2557 600 2628 moriens,
622 2551 796 2635 perangusto
807 2551 883 2614 fretu
897 2552 990 2615 divisa

298 2630 460 2705 servitutis,
477 2657 511 2695 ac
529 2635 668 2695 libertatis
686 2633 749 2712 'rura
768 2633 960 2715 cognosceret
978 2656 990 2709 ;

298 2709 382 2772 Italia
399 2730 496 2772 autem
511 2714 661 2773 alumnum
672 2713 754 2786 suum
771 2712 912 2775 servitutis
936 2734 991 2775 ex·

297 2810 424 2934 gemo,
446 2789 617 2876 summoque
637 2791 776 2873 supplicio
796 2792 914 2853 affixum
937 2797 991 2858 vi,-

323 2887 396 2932 eret.

345 2970 410 3028 170.
431 2951 552 3017 Facinus
567 2952 609 3017 est
619 2999 635 3030 ,
646 2953 749 3020 vinciri
764 2954 981 3023 civemnomas

342 3037 443 3097 Tomus
465 3033 519 3110 W.
872 3036 889 3083 ι’
