2550 4175
336 385 441 456 Ptto
469 386 776 460 AsCAEcm.
832 406 907 486 453

225 502 280 566 reli
302 502 370 563 'one
388 503 489 564 civitas
506 501 656 578 solvatur,
676 505 746 563 civis
760 502 911 566 Romanus

226 602 273 647 tta
295 585 350 643 'tut
367 587 441 665 aqui
480 606 550 644 uum
567 582 608 644 est
629 584 842 664 acceptus‚est
856 607 915 648 eo-

226 686 291 727 rum
301 707 311 737 ‚
320 662 422 746 quibus
439 605 481 725 ea
494 665 628 726 deditus:
641 667 735 725 sinon
747 669 912 748 accipiunt,

226 762 260 807 ut
272 745 443 806 Mancinum
452 744 621 805 Numantini
631 788 642 817 ‚
652 748 757 805 retinet
770 748 913 829 integram

226 824 363 898 causam,
376 825 409 885 &
420 822 465 905 jus
482 828 614 887 civitatis.
633 822 665 884 Si
684 843 767 905 pater
780 828 913 888 vendidit
944 869 948 876 -

228 926 320 981 eum,
338 926 427 987 quem
444 907 475 966 in
496 905 575 967 suam
590 904 765 986 potestatem
784 905 916 989 suscepe-

229 1002 295 1060 rat,
312 1006 349 1047 ex
361 985 505 1066 potestate
524 987 649 1046 dimittit.

272 1085 323 1147 99.
341 1065 407 1128 Jatn
442 1067 547 1150 opulus
568 1086 657 1149 quum
671 1086 739 1128 eum
758 1067 915 1143 vendidit,

230 1150 281 1228 qui
304 1147 389 1208 miles
409 1089 499 1209 gaus
522 1168 583 1206 non
606 1145 670 1219 est,
686 1168 746 1206 non
770 1150 869 1210 adimit
888 1153 917 1212 ei

230 1228 396 1290 libertatem
407 1228 478 1302 3sed
485 1225 613 1308 judicat,
626 1247 687 1286 non
698 1225 754 1286 effe
765 1247 833 1288 eum
844 1229 918 1291 libe-

231 1325 322 1381 rum,
341 1311 414 1392 qui,
433 1326 466 1370 ut
492 1307 566 1369 liber
586 1310 642 1380 sit,
661 1305 740 1367 adire
758 1308 918 1388 periculum

233 1389 326 1451 noluit
351 1409 469 1472 :quum
494 1405 593 1449 autem
622 1385 768 1448 incensum
792 1388 920 1463 vendit,

234 1470 291 1531 hoc
311 1468 446 1552 judicat3
470 1490 560 1551 quum
582 1470 629 1539 is,
651 1469 701 1549 qui
726 1468 756 1527 in
781 1466 922 1532 servitute

218 1547 307 1632 'justa
321 1550 431 1627 fuerit,
453 1550 539 1612 censu
565 1549 724 1620 liberetur,
743 1566 829 1624 eum,
844 1551 919 1630 qui,

235 1653 326 1714 quum
342 1631 416 1692 libet
433 1630 504 1693 effet
516 1676 526 1705 ‚
539 1627 649 1690 censeri
665 1627 811 1706 noluerit,
828 1628 921 1712 ipsum

235 1714 291 1773 sibi
306 1711 471 1774 libertatem
482 1707 666 1793 abjudicaffe.
685 1708 778 1791 Qubd
789 1714 812 1772 ti
828 1713 922 1773 maxi·

236 1794 285 1854 mi
302 1791 367 1854 iisce
386 1794 473 1854 rebus
490 1794 579 1852 adimi
594 1792 734 1865 libertas,
753 1809 803 1852 aut
819 1794 920 1854 civitat

237 1872 922 1956 potest,nonintelliguntquihaeccommemo-

237 1971 323 2031 tant,
340 1956 365 2014 si
385 1974 437 2037 pet
459 1955 511 2016 has
534 1954 663 2015 tationes
684 1951 773 2011 adimi
794 1949 923 2034 majores

237 2034 320 2119 poffe
333 2036 513 2112 voluerunt,
526 2034 585 2096 aiio
602 2031 696 2096 modo
714 2030 835 2094 noluisse
849 2038 861 2088 t

284 2135 350 2178 100.
360 2116 457 2190 Nam,
471 2135 504 2179 ut
519 2117 581 2177 haec
595 2137 632 2177 ex
647 2113 711 2195 jure
725 2113 803 2174 civili
818 2127 925 2195 protu-

237 2198 355 2275 lerunt,
367 2202 408 2261 sic
422 2196 543 2261 afferant
551 2198 644 2260 velim
656 2240 666 2269 ,
679 2194 783 2278 quibus
794 2194 862 2277 lege
875 2209 924 2253 aut

239 2278 376 2343 Romana
400 2281 523 2355 civitas,
542 2294 591 2338 aut
616 2277 734 2338 libertas
757 2292 857 2358 erepta
876 2275 925 2335 sit.

240 2359 418 2456 Namoquod
435 2360 473 2421 ad
492 2359 625 2422 exsilium
637 2361 763 2430 attinet,
776 2354 926 2437 perspicit&

181 2473 191 2485 ·
239 2440 331 2502 intelli
352 2444 359 2457 '
378 2439 501 2523 potest,
536 2440 601 2500 uale
616 2440 663 2499 sit.
679 2438 818 2499 Exsilium
827 2437 928 2511 enim,

241 2543 304 2583 non
333 2522 491 2600 applicium
502 2461 566 2595 ei,
580 2519 631 2582 sed
649 2518 732 2601 petfu
752 2520 834 2594 'um,
852 2538 927 2601 por·
1020 2584 1023 2589 ,

241 2599 342 2682 tusque
358 2598 488 2680 supplicii
505 2620 513 2661 t
533 2621 602 2661 nam
619 2602 669 2683 qui
687 2602 728 2664 vti
740 2610 928 2695 unfptmam

243 2682 370 2763 aliquam
389 2678 614 2761 subtetfitgete·‚
638 2696 702 2741 aut·
710 2680 927 2753 calamitatem,

245 2765 283 2824 εὸ
300 2761 393 2822 solum
404 2775 522 2819 vertunt
534 2778 545 2830 3
556 2758 614 2817 hoc
633 2756 675 2817 est
688 2800 699 2828 ,
714 2756 814 2818 sedem
831 2777 865 2817 ac
878 2756 928 2820 lo·

245 2863 313 2904 cum
330 2855 453 2899 mutam.
472 2837 574 2919 ltaque
594 2836 672 2896 nulla
692 2839 722 2896 in
743 2837 808 2920 lege
831 2836 929 2901 nostra
987 2850 997 2865 '

244 2922 430 3005 reperietur,
444 2934 476 2982 ut
487 2917 565 3003 apud
578 2933 688 2983 ceteras
700 2919 850 3003 civitates,
867 2938 931 2983 ma·
