2550 4175
378 376 455 472 360
544 374 610 443 Iu
651 328 891 443 Variam

325 551 326 556 ,
379 488 484 560 dedit,
500 486 544 569 jus
557 489 660 563 suum,
677 508 726 548 me
744 506 871 571 agente,
893 488 948 549 suis·
961 486 1065 551 suffra-⁴

379 572 431 653 giis
448 586 514 629 ante
529 570 596 631 Kal.
610 569 778 630 Februarias
789 570 982 651 recuperabit.
996 570 1063 643 Ac,

379 648 460 710 side
481 670 548 709 mea
567 650 682 734 gloria,
703 649 735 709 ἃ
755 649 943 731 amplitudIne
959 653 1066 731 quaeri&
1093 699 1096 703 .

377 731 436 803 tis,
457 729 572 791 Iudices
583 750 663 804 ;non
681 728 722 791 est
737 729 862 789 alIenum
883 733 956 790 meis
971 732 1077 790 ratio·'

379 809 463 869 nibus
475 807 560 870 istum
570 812 640 871 mihi
657 830 694 870 ex
707 810 765 869 hoc
783 808 890 888 judicio
909 829 959 886 ere
982 826 1066 885 turn„

381 890 419 949 ad
430 890 501 970 illud
536 891 615 971 opuli
626 890 753 950 Romani
764 888 901 969 judicium
909 831 1067 951 'reiirvart'

382 913 540 1050 Splendicli
552 969 594 1030 est
611 970 659 1029 illa
678 968 780 1028 causa:
799 971 874 1050 prob
893 961 964 1029 bilis
973 970 1065 1045 mihi,

384 1051 418 1109 &
439 1048 527 1108 facilis
541 1049 683 1130 :·populo
701 1066 804 1129 gratu,
824 992 893 1131 atqz

894 1070 911 1110 e
931 1048 1065 1129 jucunda.

382 1126 543 1208 Demque,
560 1132 583 1188 si
598 1130 703 1190 videor
720 1128 767 1189 hic
778 1173 788 1202 ,
801 1129 831 1187 id
842 1130 923 1210 quod
933 1133 1067 1220 egono'n

273 1242 275 1248 ν
382 1211 523 1291 quaesivI,
548 1209 586 1269 de
613 1231 673 1269 uno
696 1208 749 1269 isto
775 1208 896 1270 voluille
917 1210 1064 1271 crescere:

381 1287 435 1349 illo
454 1288 610 1363 absoluto,
664 1289 703 1349 od
715 1292 776 1349 sine
791 1289 951 1349 multorum
959 1289 1066 1351 scelere

382 1368 457 1509 {crib
464 1391 526 1431 non
547 1387 618 1452 pote
658 1416 668 1445 ,
687 1369 725 1430 de
742 1370 839 1430 multis
855 1369 926 1431 mihi
940 1369 1066 1433 crescere

404 1470 437 1510 ce
460 1467 491 1510 it.

425 1529 604 1603 vatll„
629 1529 690 1592 Sed
715 1528 920 1605 mehercules,
941 1528 1066 1605 vestri,

379 1611 484 1691 ‘reique
509 1611 632 1690 publicae
660 1612 768 1683 consu,
786 1611 923 1685 ludices,
942 1611 1014 1672 nolo
1036 1612 1066 1669 in

384 1690 442 1749 hoc
458 1689 572 1749 deleclo
591 1692 713 1749 consilio
726 1705 839 1751 tantum
854 1692 994 1773 flagitium
1010 1688 1067 1751 elle

384 1765 563 1828 commillum
582 1788 589 1827 :
609 1770 682 1831 nolo
701 1788 754 1829 eos
770 1768 902 1849 judices,
918 1781 991 1853 quos
1008 1789 1067 1852 ego

385 1849 556 1929 probarim,
575 1865 663 1931 atque
687 1849 753 1910 dele
776 1853 869 1926 erint,
898 1854 938 1911 sic
963 1853 994 1910 in
1012 1851 1069 1911 hac

386 1930 459 1991 urbe
479 1945 620 2003 notatos,
639 1929 693 1989 isto
714 1952 731 1989 a
763 1931 873 2004 oluro,
894 1930 1068 2006 ambulare,

384 2026 418 2070 ut
429 2031 490 2070 non
506 2009 574 2070 ceri
586 2052 598 2081 ‚
608 2007 658 2090 sed
667 2031 754 2071 coeno
767 2012 854 2072 obliti
868 2010 927 2073 elle
943 2012 1069 2072 videan-

385 2107 443 2152 tur.
466 2090 671 2171 Quamobrem
689 2108 719 2151 te
743 2113 883 2174 quoque,
903 2093 1068 2167 Hortensi,

387 2172 480 2253 siqui
503 2171 644 2231 monendi
663 2171 744 2232 locus
765 2173 829 2248 est,
853 2193 891 2233 ex
917 2173 975 2232 hoc
998 2173 1068 2234 loco

386 2264 497 2312 moneo
519 2251 649 2312 :videas
677 2255 764 2312 etiam
788 2270 873 2334 atque
900 2256 1012 2327 etiam,
1039 2254 1070 2315 &

385 2330 576 2405 consideres,
592 2332 660 2413 quid
679 2353 770 2413 agas,
785 2335 844 2413 qul>
859 2334 1070 2412 progrediarea'

386 2430 475 2491 quem
485 2409 654 2484 hominem,
667 2413 700 2471 δι
711 2412 767 2493 qui
782 2415 894 2471 ratione
908 2411 1069 2474 defendas:

386 2510 482 2572 neque
497 2489 534 2551 de
546 2492 597 2551 illo
609 2492 766 2573 quidquam
778 2493 829 2550 tibi
844 2489 996 2569 praefinio‚
1012 2495 1071 2576 quli'

386 2571 480 2630 minus
490 2572 608 2652 ingenio
622 2582 736 2630 mecum
748 2616 758 2645 ,
770 2588 857 2651 atque
868 2574 949 2630 omni
968 2573 1072 2636 dicen-

387 2649 418 2710 di
431 2649 567 2712 facultate
581 2650 741 2710 contendas
751 2672 759 2710 ε
769 2667 866 2711 cetera
879 2696 888 2726 ‚
906 2655 929 2711 si
942 2674 999 2734 qua
1011 2675 1072 2736 pu·

386 2745 431 2791 tas
449 2748 480 2792 te
498 2731 638 2792 occultius
659 2749 740 2791 extra
761 2728 923 2811 judicium,
945 2754 1011 2815 quae
1032 2734 1071 2794 ad

386 2809 523 2892 judicium
537 2815 705 2895 pertinent,
723 2810 817 2874 facere
833 2811 913 2894 polle
933 2835 941 2873 τ
960 2815 1071 2896 siquid

387 2891 507 2958 artificio
517 2936 528 2970 ‚
538 2894 660 2957 consilio
674 2894 826 2978 ,potentii
837 2939 847 2971 ,
857 2894 947 2978 giutid
956 2938 968 2967 ‚
978 2915 1015 2990 co
1030 2898 1072 2990 ‘iis

993 2997 1004 3034 r
1039 2995 1071 3036 us
