2550 4175
376 360 453 454 '408
604 356 673 425 Ort
689 373 714 426 A
728 376 751 426 r
766 371 824 425 ιο
886 416 889 422 .

370 471 421 536 Ut
440 474 470 532 in
490 489 583 554 pauca
601 470 773 545 conseram,
789 459 964 532 testamento
981 466 1058 533 faho

371 553 480 617 mulier
498 555 621 614 moritur
641 573 649 611 ε
668 550 736 613 facit
754 551 896 613 heredem
912 571 951 612 ex
965 550 1060 613 deun·

344 693 346 698 .
374 654 436 707 ce,
464 634 496 695 &
522 634 667 695 semuncia
687 630 836 695 Caecinam
859 651 923 693 :ex
948 632 1061 694 duabus

332 719 334 723 ’
371 707 492 777 seritulis
507 714 552 775 Μ.
567 713 749 789 Fulcinium,
761 713 896 774 libertum
907 710 1061 794 superioris

346 794 431 858 ‘viri
445 816 453 854 ε
472 795 591 857 AEbutio
603 794 742 855 sextulam
751 793 832 876 asper
852 795 884 853 't.
897 793 986 855 Hanc
998 793 1062 857 sex·

365 875 468 936 -tulam
481 876 529 937 illa
548 875 716 938 mercedem
738 873 814 936 istie
837 895 853 935 e
873 874 968 934 voluit
990 878 1062 936 assi·

370 956 512 1029 deitatis,
526 958 558 1017 δι
571 954 729 1029 molestae,
749 959 772 1015 si
787 976 875 1037 quam
890 953 1061 1036 susceperat.

371 1035 439 1097 lste
452 1055 551 1120 autem
569 1036 625 1096 hac
643 1034 752 1114 sexttlli
769 1036 798 1097 se
818 1034 915 1096 ansam
936 1039 1061 1099 retinere

375 1119 509 1178 omnium
526 1118 791 1196 controversiarum
805 1133 899 1197 putat.

370 1237 373 1244 ,
418 1196 502 1258 Vll.
523 1198 752 1279 lam-principii>
777 1197 857 1257 ausus
878 1193 921 1257 est
941 1196 1059 1272 dicere,

256 1316 260 1326 =
370 1298 440 1343 rnon
460 1269 540 1360 posse
561 1278 701 1340 heredem
721 1276 779 1338 esse
796 1276 954 1339 Caesenniae
968 1278 1060 1340 Caeci·

292 2811 295 2815 ’
337 2838 341 2845 ·
378 2829 435 2883 re;
452 2812 562 2873 homini

376 1379 446 1420 nam
463 1380 473 1433 ·,
490 1351 572 1441 quhd
583 1359 769 1419 is'deteriore
784 1358 848 1438 jure
865 1355 936 1418 esset
947 1403 958 1433 ,
971 1358 1060 1501 ῧυὲω

259 1460 263 1465 ·
375 1444 467 1502 ceten'
477 1443 557 1502 cives
570 1487 580 1515 ,
592 1438 720 1521 ”propter
734 1440 961 1500 incommodum
1003 1441 1061 1501 ola·

372 1521 578 1596 terrenorum,
592 1522 843 1602 calamitatemque
859 1520 991 1582 civilem.
1004 1520 1060 1582 lta·

372 1622 436 1683 que
450 1604 694 1675 homotimidus,
710 1600 936 1682 imperitosque,
951 1604 1001 1683 qui
1010 1622 1069 1671 ne·¹

377 1702 436 1762 que
455 1680 567 1756 animi,
585 1702 680 1762 neque
701 1683 812 1741 consilii
831 1681 896 1742 satis
913 1682 1059 1757 haberet,

368 1780 440 1822 non
460 1765 572 1842 putavit
591 1760 647 1822 esse
660 1766 732 1821 tanti
744 1762 937 1823 hereditatem
950 1808 962 1837 ‚
979 1780 1013 1824 ut
1026 1764 1060 1825 de

377 1843 496 1903 civitate
522 1865 552 1902 ιη
577 1842 696 1901 dubium
721 1846 835 1904 veniret
859 1864 867 1903 ε
896 1847 1060 1918 concessit,

377 1924 491 1998 credo,
509 1923 632 1983 AEbutio
646 1969 657 1995 ,
669 1943 807 2004 quantum
821 1921 914 1985 vellet
925 1970 936 1999 ,
948 1925 987 1986 de
993 1923 1061 1986 'Ce-

373 2005 482 2064 seuniae
498 2004 583 2063 bonis
601 2021 633 2063 ut
653 2005 774 2066 haberet
791 2026 798 2063 :
813 2005 928 2080 immo,
947 2022 981 2066 ut
999 2007 1061 2068 viro

377 2083 470 2157 sorti,
498 2106 532 2144 ac
559 2083 681 2166 sapienti
704 2086 823 2169 dignum
851 2085 931 2162 fuit,
952 2088 995 2149 ita
1014 2108 1061 2155 ca·

370 2165 539 2305 -lugtniam,
557 2164 761 2249 stultitiamque
775 2167 920 2242 obtrivit,
939 2189 975 2229 ac
993 2188 1063 2231 con·

376 2261 409 2308 tu
430 2262 464 2307 rt.
950 2274 954 2280 ·
982 2276 986 2285 ·
1051 2273 1056 2283 ·

366 2368 371 2377 -
425 2321 858 2408 19.lnpossessionebonorum
868 2328 961 2412 quum
973 2328 1063 2405 effet,

380 2407 415 2468 ὃ(
433 2428 522 2488 quum
539 2408 599 2488 ipse
616 2408 756 2470 sextulam
774 2410 853 2470 suam
869 2412 994 2471 nimiltm
1012 2431 1064 2473 ex·

377 2505 530 2568 aggeraret
545 2533 555 2562 ,
568 2493 689 2550 nomine
700 2491 815 2550 heredis
824 2491 966 2551 arbitrum
981 2489 1064 2553 fami·

366 2566 425 2628 -liae
438 2567 612 2630 erciscundae
628 2569 803 2650 postulavit:
815 2588 905 2652 atque
919 2570 977 2632 illis
1034 2592 1064 2635 u·

366 2648 421 2708 -cis
444 2649 568 2723 diebus,
585 2649 774 2732 posteaquam
792 2653 875 2713 videt
891 2651 965 2712 nihil
982 2593 1064 2716 send)

379 2728 420 2789 A.
435 2727 554 2791 Caecina
591 2730 650 2793 osse
662 2777 672 2806 ,
684 2733 776 2793 litium
788 2750 923 2807 terrore,
938 2732 1065 2797 abnde·

569 2754 677 2875 liomae
688 2817 718 2875 in
730 2813 798 2874 soro
810 2815 965 2875 denuntiat
977 2852 989 2889 ,·
1001 2813 1065 2877 fitu-

380 2891 452 2953 dun
462 2894 564 2973 illurn,
581 2896 690 2978 dequo
702 2896 770 2976 aute
787 2895 864 2971 dixi,
882 2891 1064 2981 cujuristuu

617 3005 621 3012 ·
894 2992 1067 3061 emptorem
