2550 4175
390 358 645 429 Acrrorrrt
672 359 720 431 II.
747 359 786 430 L.
815 363 855 429 V.
892 353 978 455 ¹'345

299 467 382 610 pubd
393 474 559 536 navicularii
572 473 697 549 retenti,
711 471 789 556 qudd
806 491 982 537 mercatores

289 597 293 604 .
312 553 413 631 poliati
428 553 615 624 dicerentur?
637 552 679 613 At
698 575 754 637 ego
773 572 901 618 retentos
921 577 983 615 non

301 652 435 711 queror:
455 634 592 716 spoliatos
609 633 763 694 ferendum
780 653 851 717 puto
871 660 879 697 ε
898 638 984 696 navi-

300 710 381 787 bus,
400 718 570 806 mancipiis,
593 715 739 774 mercibus
764 717 928 797 ademptis,
951 718 982 775 in

301 793 417 870 vincula
436 795 586 874 conjetlos
603 792 661 854 elle
686 814 879 869 mercatores,
900 797 932 857 δι
951 798 982 855 in

301 873 424 933 vinculis
434 877 514 935 cives
523 876 676 935 Romanos
684 893 806 935 necatos
814 874 870 935 elle
881 896 985 958 arguo.

347 971 415 1047 150.
430 954 461 1015 si
471 956 532 1015 haec
544 956 621 1035 apud
638 954 742 1036 Scytas
753 956 903 1036 dicerem,
922 977 984 1016 non

301 1029 350 1091 hic
364 1055 395 1093 ru
411 1051 491 1096 tanta
507 1035 690 1096 multitudine
710 1038 814 1096 civium
833 1035 986 1098 Romano·

303 1131 452 1187 rum,non
461 1116 538 1197 apud
546 1116 694 1177 senatores
704 1117 876 1177 ledissimos
884 1117 985 1177 civita·

302 1193 361 1264 tis,
378 1215 438 1254 non
451 1198 480 1255 in
495 1195 562 1257 foro
571 1198 674 1276 populi
686 1196 812 1256 Romani
825 1242 834 1271 ,
849 1198 886 1258 de
895 1213 939 1259 tot
951 1197 985 1257 &

303 1287 364 1332 ram
374 1276 633 1357 acerbissuppliciis
648 1278 754 1336 civium
763 1276 983 1337 Romanorum:

303 1367 402 1415 temen
418 1359 530 1418 animos
540 1358 628 1416 etiam
638 1356 985 1417 barbarorumlrominum

304 1452 523 1513 permoverem.
545 1434 643 1495 Tanta
668 1438 745 1495 enirn
767 1434 851 1516 hujus
873 1438 987 1516 imperii

304 1515 490 1596 amplitudo,
507 1532 587 1577 tanta
598 1517 725 1586 nominis
740 1514 867 1575 Romani
891 1517 987 1597 digni-

304 1609 349 1653 tas
359 1595 400 1656 est
411 1598 490 1678 apud
498 1616 601 1658 omnes
612 1598 764 1670 nationes,
778 1613 810 1656 ut
820 1594 870 1657 ista
883 1599 913 1655 in
923 1595 988 1656 nos-

305 1688 366 1734 tros
395 1677 528 1738 homines
553 1675 705 1738 crudelitas
728 1679 837 1738 nemini
857 1673 988 1738 concello

305 1753 447 1817 videatur.
468 1756 547 1816 Num
571 1777 643 1840 ergo
660 1757 713 1817 tibi
731 1759 819 1818 ullam
840 1756 988 1830 salutem',

305 1833 397 1893 ullum
415 1835 578 1916 perfugium
591 1854 715 1925 putem,
732 1858 821 1918 quum
839 1854 868 1898 te
891 1839 989 1919 impli-

307 1929 403 1971 catum
425 1914 576 1973 severitate
595 1916 747 1991 judicum,
768 1920 989 1978 circumretitum

307 1991 469 2071 frequentia
484 1991 585 2071 populi
603 1992 730 2050 Romani
747 1992 804 2053 effe
821 1996 962 2054 videam?

353 2089 420 2149 151·
439 2069 469 2131 Si
485 2070 686 2144 mehercules,
704 2071 736 2130 id
752 2071 832 2151 quod
851 2072 913 2132 lieri
928 2095 989 2135 non

309 2147 390 2232 polle
408 2150 498 2210 intelli
520 2171 560 2222 o,
579 2169 615 2210 ex
631 2150 674 2209 his
684 2148 791 2230 laqueis
802 2168 834 2211 te
848 2152 969 2213 exsueris
980 2198 993 2224 ‚

309 2252 344 2291 ac
369 2248 399 2290 te
421 2171 518 2312 aliqud
534 2230 604 2301 via,
625 2250 659 2289 ac
678 2232 792 2291 ratione
813 2250 848 2290 ex
870 2231 961 2291 licaris
983 2253 990 2291 :

308 2314 339 2372 in
348 2310 468 2371 illastibi
484 2307 609 2391 majores
618 2310 718 2392 plagas
729 2311 844 2371 inciden
884 2332 915 2371 m
931 2311 993 2387 est,

309 2394 339 2453 in
357 2392 460 2473 quibus
475 2410 505 2452 te
525 2390 563 2449 ab
579 2390 689 2451 eodem
704 2411 751 2451 me
765 2437 774 2464 ,
790 2390 819 2451 su
842 2393 939 2453 eriore
956 2404 995 2455 ex

308 2472 378 2531 loco
398 2469 521 2545 confici,
539 2472 571 2531 &
590 2470 704 2531 concidi
728 2491 800 2533 nece
866 2470 919 2533 est.
936 2470 998 2535 cui

312 2553 335 2608 si
354 2552 482 2611 etiamid
496 2596 505 2625 ,
522 2552 602 2633 quod
619 2551 771 2624 defendit,
784 2550 874 2615 velim
888 2574 903 2613 e

313 2628 383 2687 dere
399 2651 408 2688 ι
424 2647 523 2691 tamen
539 2632 588 2691 illa
603 2631 662 2712 ipsa
677 2630 812 2693 defensio
823 2654 883 2693 nott
932 2634 939 2649 ⁸

314 2705 370 2765 elle
394 2711 421 2767 ei
460 2710 620 2783 etniciosa,
637 2711 726 2790 qudm
741 2733 809 2772 mee
824 2732 894 2773 vm
909 2734 926 2773 a

315 2782 386 2844 latio
402 2731 517 2848 dedeat.
534 2789 617 2867 Quid
631 2793 709 2849 enim
720 2788 851 2851 defendit
862 2790 876 2849 l
889 2806 925 2853 et

317 2866 403 2945 patria
421 2864 606 2947 fugientesse
623 2866 790 2951 excepilie,
808 2868 906 3011 dplup'
927 2948 929 2953 Ι

854 2972 875 3015 v
