2550 4175
268 395 321 468 90
426 372 490 441 In
527 376 763 440 Vnnnnrr

268 506 358 569 quum
375 505 464 549 nemo
481 485 573 559 effet,
628 487 657 545 in
673 486 732 546 hoc
746 485 775 546 se
796 482 910 547 audisse
923 484 957 546 li·

269 567 359 663 quido
369 566 493 643 diceret,
506 566 594 646 locup
606 567 747 628 etissimur
757 564 880 649 quisque
893 585 958 627 cer·

269 650 394 710 ursimus
411 645 488 711 testis
509 643 578 709 effer
594 666 703 726 :nemo
719 664 781 708 erat
793 645 896 708 sicilia
908 662 958 708 to·

270 725 321 813 tir,
342 729 392 810 qui
410 726 532 790 nesciret
556 727 693 788 decumas
720 724 777 789 effe
796 727 958 808 pratorit:

271 827 362 869 nemo
374 853 385 883 ‚
396 810 515 889 quinon
525 805 644 869 audiiset
655 810 696 868 ita
711 806 739 868 A
763 810 883 869 ronium
900 806 961 868 dic·

272 886 386 950 titaffe:
404 906 544 970 praeterea
558 904 719 949 conventus
739 828 880 948 iouente
897 885 960 968 Sy·

272 971 401 1040 racusis,
413 970 496 1029 multi
520 972 631 1049 equites
651 967 803 1040 Romani,
822 970 882 1028 viri
904 968 962 1057 pri·

274 1051 374 1123 marii,
391 1069 428 1110 ex
450 1071 508 1131 qua
529 1052 615 1129 copia
634 1065 856 1129 recuperatores
879 1048 962 1126 rejici

274 1145 446 1211 oporteret,
461 1132 510 1210 qui
524 1129 605 1189 aliter
623 1125 751 1205 judicare
764 1128 846 1189 nullo
863 1128 962 1200 modo

273 1208 399 1292 possent.
418 1207 506 1270 Instat
526 1207 686 1270 Scandilius
702 1207 822 1291 poscere
834 1228 910 1278 recu
950 1240 964 1256 ·

275 1307 387 1351 ratores
397 1310 404 1349 ι
413 1306 473 1349 turn
487 1288 538 1350 iste
547 1290 639 1350 homo
648 1291 788 1351 innocens
799 1333 810 1361 ,
823 1290 874 1370 qui
883 1230 965 1350 ruffin

275 1369 591 1451 suspicionemlevare,
609 1386 695 1452 atque
707 1370 743 1429 ab
757 1368 787 1431 se
803 1389 966 1432 removere

276 1468 420 1592 pupplret⁹
436 1468 654 1533 recuperatores
671 1450 739 1511 dicit
746 1447 776 1511 se
785 1448 822 1511 de
838 1449 967 1512 cohorte

289 1553 325 1591 ua
360 1548 482 1593 amrunr.

319 1610 392 1671 LX.
417 1609 474 1671 Pro
505 1609 595 1671 deum
611 1610 820 1692 hominumque
847 1610 968 1674 fidem!

279 1711 369 1773 quem
388 1710 446 1771 ego
466 1690 601 1751 accuso?
617 1694 648 1752 in
668 1712 727 1773 quo
748 1711 848 1752 meam
868 1691 970 1753 indus·

278 1774 365 1834 triam
383 1791 418 1831 ac
439 1770 618 1853 diligentiam
635 1769 651 1830 s
669 1770 756 1833 euasi
773 1771 848 1834 volo
864 1775 876 1826 i
897 1772 971 1855 quid

280 1850 343 1926 est,
367 1850 448 1933 quod
469 1871 527 1934 ego
551 1850 634 1912 dicen
657 1872 703 1926 o,
732 1868 780 1913 aut
805 1853 971 1935 cogitando

282 1930 399 1994 efficere
414 1977 424 2007 ,
437 1949 486 1992 aut
497 1930 602 2013 assequi
616 1931 762 1994 debeam?
776 1931 888 1995 Teneo
902 1979 913 2011 ‚
926 1952 971 1998 te·

282 2033 361 2089 neo,
376 2016 514 2097 inquam,
537 2014 567 2072 in
589 2013 691 2074 mediis
703 2012 894 2096 veciigalibus
912 2038 972 2098 po·

282 2096 344 2175 puli
359 2094 506 2169 Romani,
523 2115 554 2153 ιιι
570 2116 638 2174 rpsrs
656 2093 792 2155 frueiibus
808 2100 972 2175 provincia

283 2175 387 2237 siciliae
410 2174 504 2236 furem
526 2172 679 2235 manifesto
701 2193 887 2238 avertentem
906 2198 972 2240 rem

282 2254 499 2331 frumentariam
522 2274 672 2328 omnem,
698 2259 853 2337 pecuniam
877 2262 973 2321 maxi-

283 2354 363 2397 marn
377 2355 385 2394 ι
397 2350 487 2407 teneo
499 2376 509 2406 ,
523 2335 553 2392 in
594 2355 640 2393 am
650 2378 660 2407 ,
670 2339 730 2410 ita,
747 2353 779 2396 ut
789 2356 899 2419 negare
910 2360 974 2402 non

284 2418 388 2498 possit.
406 2412 484 2476 Nam
501 2415 549 2494 qui
581 2415 627 2474 hic
645 2414 746 2479 dicet?
762 2416 890 2496 Sponsio
907 2419 973 2481 fac·

286 2512 317 2557 ta
337 2495 378 2557 est
394 2516 462 2569 cunr
481 2495 634 2575 cognitore
646 2512 698 2557 tuo
710 2494 847 2576 Apronio
860 2499 899 2559 de
910 2498 976 2563 for·

286 2577 362 2637 tunis
380 2579 436 2637 tuis
455 2575 609 2648 omnibus,
629 2578 659 2636 ni
683 2576 791 2637 socium
811 2577 840 2639 se
863 2579 919 2640 tibi
945 2585 976 2643 in

287 2656 417 2717 decumis
436 2653 492 2717 effe
506 2655 655 2717 dictitaret.
665 2654 976 2738 Exspectandum,

287 2753 402 2877 puantae
417 2736 468 2796 tibi
486 2755 522 2797 ea
540 2756 586 2796 res
609 2758 684 2798 curae
701 2740 756 2812 sit,
775 2741 978 2820 quemadmo-

311 2838 360 2878 um
384 2818 534 2881 hominum
554 2815 754 2880 existimationi
772 2835 803 2880 te
824 2837 854 2881 at
876 2842 914 2883 ue
934 2825 979 2887 iu·

293 2899 463 2965 nocentiam
492 2914 571 2961 tumr
595 2901 714 2982 probari
736 2899 819 2965 reiis.
884 2903 912 2965 *c
945 2923 979 2970 tu
