2550 4175
280 399 351 449 too
452 377 772 446 Internum

273 514 330 553 mae
357 490 496 551 Metellus
524 490 684 563 habuerat,
714 490 746 549 &
773 488 909 549 habebat
934 489 964 549 in

272 574 423 654 provincia
442 593 449 630 ε
472 591 532 630 non
545 574 681 651 impetrat
700 590 710 642 ;
731 589 821 651 quum
839 570 901 629 hoc
916 570 965 629 di·

273 659 355 714 ceret'
372 650 534 722 Metellus,
547 648 743 731 praejudicium
762 647 824 711 ase
849 650 889 710 de
912 669 964 711 ea·

271 736 331 814 pite
359 730 398 792 C.
428 731 529 790 Verris
550 751 603 811 per
628 731 685 791 hoc
712 728 853 810 judicium
878 730 964 792 nolle

271 813 343 873 fieri.
361 811 442 872 Tota
455 811 568 871 Metelli
582 811 686 871 cohors
700 853 709 883 ‚
727 811 884 870 hominum
898 830 962 872 non

271 896 470 975 ingratorum,
486 890 586 950 aderat
604 889 750 971 Apronio.
769 888 807 949 C.
821 888 961 966 Gallius,

270 975 364 1033 homo
382 971 471 1031 nostri
481 972 588 1031 ordinis
603 1015 613 1044 ,
631 993 648 1030 a
666 970 716 1029 suo
732 969 961 1032 familiarissimo

270 1054 305 1113 1.
326 1052 450 1113 Metello
460 1049 598 1134 judicium
610 1071 646 1111 ex
664 1050 760 1111 edielo
777 1072 840 1112 non
859 1050 962 1132 potest

267 1136 434 1215 impetrare.

225 1267 236 1273 „
314 1232 380 1294 153·
403 1211 474 1273 Non
494 1210 678 1292 reprehendo
697 1209 881 1272 Metellum:
904 1233 961 1293 pe·

269 1299 361 1375 percit
382 1293 493 1353 homini
512 1294 629 1367 arnico,
649 1292 681 1351 &
721 1292 959 1355 uemadmodutn

268 1375 359 1455 ipsunt
379 1374 474 1434 dicere
495 1373 613 1443 audivi,
627 1312 782 1432 necelario
801 1392 809 1431 ε
827 1393 892 1432 non
905 1395 958 1436 re-

267 1454 441 1535 prehendo,
462 1455 604 1533 inqnnm,
623 1452 778 1512 Metellum
797 1472 804 1510 τ
826 1452 880 1513 sed
898 1455 957 1516 hoc

266 1538 357 1596 miror
368 1580 378 1609 ‚
389 1534 563 1615 quomodo,
581 1532 618 1592 de
633 1554 693 1613 quo
710 1532 832 1593 homine
848 1532 961 1615 praeju·

267 1615 374 1675 dicium
396 1614 521 1673 noluerit
543 1611 604 1672 fieri
627 1633 681 1693 per
702 1630 956 1692 recuperatores,

267 1695 376 1755 dehoc
394 1693 455 1773 ipso
474 1714 535 1753 non
555 1691 649 1751 modo
667 1690 883 1773 praejudicarit,
897 1717 958 1757 ve-

265 1777 330 1834 ritm
346 1774 533 1859 gravissime,
550 1793 583 1831 ac
595 1772 853 1833 vehementissime
871 1773 957 1851 judi.

265 1857 345 1915 carit.
364 1853 491 1913 Primum
512 1854 610 1925 enirn,
632 1855 655 1911 si
675 1851 843 1932 Apronium
863 1855 957 1917 abso·

265 1936 358 1995 lutum
371 1938 530 2015 inputaret
543 1954 552 2006 ;
567 1932 635 1991 nihil
654 1950 715 1992 erat
730 1976 740 2005 ‚
756 1933 838 2013 quod
857 1937 963 1999 ullum-

264 2014 461 2097 praejudicium
484 2030 634 2075 vereretur
655 2034 662 2071 :
686 2013 817 2088 deinde,
834 2016 858 2073 si
874 2037 955 2078 con-

265 2097 402 2157 demnato
429 2096 586 2174 Apronio,
612 2091 795 2171 conjundlam
816 2115 888 2156 cum
915 2119 955 2161 eo

263 2174 366 2237 Verris
388 2175 500 2236 causum
519 2193 621 2234 ornnes
639 2189 721 2233 erant
738 2172 954 2256 existimaturi3

266 2255 404 2317 Metellus
419 2255 534 2335 quidem
550 2254 626 2313 certe
636 2251 697 2332 jam
712 2254 769 2313 hoc
780 2251 954 2336 judicabar,

263 2355 367 2396 eorum
383 2355 466 2407 rem,
484 2331 653 2413 causamque
666 2331 721 2393 effe
737 2332 953 2415 conjundlanr3

283 2419 311 2474 ui
332 2414 481 2486 statuerit,
497 2413 633 2494 Apronio
654 2412 883 2490 condemnato,
912 2421 953 2482 de

261 2436 316 2556 illo
335 2492 532 2576 praejudicium
553 2493 680 2553 futurum
696 2513 703 2552 ε
722 2494 755 2553 &
777 2497 865 2556 simul
892 2519 953 2563 una

261 2595 309 2636 res
331 2577 443 2655 utrique
460 2576 503 2634 rei
522 2572 562 2634 est
583 2590 775 2655 argumento;
797 2577 831 2636 &
844 2579 953 2643 'arato-

260 2676 307 2718 res
325 2660 356 2717 vi
376 2656 409 2715 &
430 2671 508 2714 metu
529 2653 670 2726 melos,
692 2653 721 2714 Α
743 2657 828 2716 tonio
850 2661 952 2724 multd

259 2736 343 2818 plus,
380 2735 447 2794 ulun
458 2734 627 2809 debuerint,
645 2676 773 2806 dedille3
790 2737 824 2796 &
839 2737 954 2820 Apro-

260 2819 340 2877 nium
358 2756 434 2874 ilius
450 2836 513 2876 rem
529 2815 579 2876 suo
596 2817 715 2876 nomine
731 2813 817 2897 egiffe
829 2851 842 2889 ,-
854 2841 964 2902 quum·

256 2897 293 2961 1³.
310 2895 448 2960 Metellus
459 2894 584 2959 statuerit
594 2917 663 2961 non
678 2893 759 2978 polle
771 2895 954 2981 Apronium
961 2914 970 2981 s
