2550 4175
286 394 358 465 ¹40
445 373 467 437 I
477 390 507 439 N
543 375 580 439 V
587 389 611 438 Ε
627 388 653 436 n
668 387 693 434 n
708 386 732 435 ε
748 385 788 435 Μ

279 489 353 547 tonii
371 508 377 545 :
397 486 454 544 hoc
478 486 554 546 enim
572 483 641 542 mihi
658 478 859 576 significass'e,
880 479 968 543 &an-

279 564 367 626 nuiffe
390 564 464 626 visus
482 564 532 627 est.
554 561 598 624 Ex
615 560 790 624 omnibusne
812 564 906 645 igitur
917 582 969 643 po-

279 646 339 741 puli
357 644 484 708 Romani
506 641 694 727 praetoribus,
719 641 969 724 proconsulibus,

279 726 522 805 imperatoribus,
532 723 578 785 M.
589 721 752 783 Antonium
764 719 927 805 delegisti,
942 721 970 782 δι

280 803 343 884 ejus
358 826 447 865 unum
467 804 714 886 improbissimum
735 801 875 876 fabium,
897 799 972 884 quod

281 887 449 948 imitareret
467 884 505 944 Et
524 885 570 944 hic
588 884 684 943 utrium
702 883 776 943 mihi
797 880 922 944 difficile
936 878 972 942 est

282 966 403 1040 dicere,
422 987 459 1025 an
482 963 525 1023 his
548 961 729 1035 existimare,
756 963 801 1023 ita
822 962 854 1024 se
874 964 908 1023 in
928 962 972 1022 illo

275 1044 394 1126 ¹infinito
424 1046 548 1124 imperio
569 1042 615 1103 M.
639 1039 810 1102 Antonium
836 1039 972 1126 gessum,

282 1140 314 1185 ut
331 1125 421 1184 multo
437 1122 479 1183 isti
499 1124 685 1203 perniciosius
702 1123 738 1181 sit
755 1122 888 1195 dicere,
910 1121 973 1184 sein

282 1225 314 1266 re
325 1199 664 1285 improbissimavoluisse
673 1199 845 1262 Antonium
854 1203 974 1276 imitari,

282 1285 371 1426 iiii
385 1281 750 1424 ’iiiiii-iiiiii?
772 1282 975 1426 {iiiiii}

282 1442 394 1526 judiciis
404 1445 555 1506 adcrimen
566 1441 788 1503 defendendum
797 1488 808 1517 ,
816 1463 902 1518 non,
912 1442 977 1525 quid

284 1524 386 1585 fecerit
401 1524 466 1607 quis
482 1527 558 1596 iam,
575 1520 707 1603 proferre
719 1520 836 1597 solent,
847 1523 903 1586 sed
911 1523 976 1606 quid

283 1604 424 1743 probarit.
445 1548 628 1675 timonium,
650 1623 741 1683 quum
756 1603 856 1664 multa
878 1621 976 1666 contre

297 1685 427 1777 ociorum
441 1681 582 1754 salutem,
596 1683 689 1743 multa
704 1697 811 1744 contra
818 1684 977 1746 utilitatem

284 1761 978 1925 rpnrgriiigcgigminjgurifiiciircetcupgildiffti‘itttisoettn’olri

284 1926 440 2006 oppressit.
453 1923 501 1984 Tu
516 1924 585 1985 mihi
598 1967 608 1996 ,
621 1927 700 2005 quasi
711 1920 775 2003 ejus
788 1926 899 1987 omnia
909 1923 978 1988 fath

286 2021 371 2088 atque
390 2005 507 2068 consilia
527 2004 640 2065 senatus
658 2003 788 2086 populus
825 2025 843 2067 e
868 2005 979 2069 Rome·

285 2083 978 2229 '¹¹¹⁵'inilicifii’⁶⁰mff⁰b³rinf1’if{²ffissmnfi

287 2187 374 2306 exgim
400 2190 454 2306 10Ιῖ
467 2184 853 2310 Alisirignifflsaecerelos.
869 2248 977 2310 Homi-

285 2345 356 2387 nem
379 2328 595 2400 innocentem,
619 2327 652 2386 &
679 2324 791 2386 summi
820 2327 980 2409 prudentii

285 2405 439 2488 praediturn
450 2407 605 2466 nominas:
622 2405 673 2468 sed
689 2423 751 2466 tum
770 2405 858 2469 idem
883 2406 978 2472 fecili'e

199 2560 204 2568 ¹
287 2487 342 2547 erit
354 2484 556 2547 existimandus
569 2531 579 2560 ‚
595 2487 618 2546 si
631 2485 739 2548 eodem
758 2489 892 2553 consilio
903 2488 979 2553 fece·

286 2568 335 2626 rit.
358 2565 435 2627 Nam
452 2587 542 2649 genus
562 2565 755 2628 aestimationis
775 2568 787 2626 i
810 2567 876 2631 sum
898 2590 979 2633 ame

287 2666 446 2728 numquam
457 2645 497 2708 est
508 2646 713 2728 reprehensum
725 2669 732 2707 :
744 2644 773 2708 se
813 2646 882 2731 ejus
893 2652 980 2733 equi·

287 2740 351 2799 tas,
361 2744 505 2788 aratorum
515 2727 675 2789 commodo
692 2728 725 2789 δι
738 2727 900 2793 voluntate
910 2752 979 2814 per·

288 2807 433 2891 penditur.
447 2807 519 2870 Non
535 2806 631 2890 potest
649 2807 891 2890 reprehendiilla
908 2810 981 2873 asti·

289 2890 401 2966 metio,
414 2910 477 2974 quae
491 2891 596 2954 aratori
611 2909 672 2955 non
682 2889 774 2953 modo
784 2891 981 2958 incommoda

994 185 1003 326 1.
