2550 4175
275 274 348 343 104
440 254 502 316 lu
545 254 781 316 Vtuntur

271 372 329 428 Fac
341 367 415 444 sciat
438 368 630 442 improbitatem
651 383 787 421 aratorum
808 382 815 419 .·
835 360 898 440 ipsi
911 362 963 439 su·

272 451 375 507 dabunt
387 492 397 516 ,
408 448 433 503 si
444 448 483 503 dii
497 448 597 505 volem.
609 444 702 523 Quod
713 441 782 499 illuc
796 485 806 513 ,
819 461 878 520 per
891 443 963 503 deos

271 525 471 589 immortales!
498 542 547 585 aut
563 546 619 606 qua
639 524 676 583 de
697 520 779 582 causa
800 524 963 583 excitatum

272 606 330 669 effe
361 606 486 666 dicamus
512 609 541 665 in
571 622 698 665 aratores
729 618 790 661 tam
822 600 986 676 infestum,

183 708 185 712 ¹
272 687 395 761 odium,
412 706 440 748 at
462 706 498 746 ue
515 689 649 746 tantum?
668 698 806 765 quantam
823 679 965 761 injuriam

272 767 405 829 fecerunt
463 769 517 827 erri
535 783 682 839 aratores,
703 780 735 823 ut
751 782 805 824 eos
819 766 917 824 etiam
928 765 965 824 li-

272 848 396 922 bertus,
415 848 447 906 &
464 846 598 907 accensus
617 843 678 926 ejus
696 859 754 903 tam
768 845 847 905 irato
862 847 964 907 auimo

273 930 318 990 his
334 929 433 988 litteris
447 926 607 1007 insequatur
621 926 635 985 i

316 1006 485 1068 LXVIII.
507 1007 612 1089 Neque
632 1026 689 1087 ego
713 1001 798 1081 hujus
825 1004 964 1090 fugitivi,

275 1088 412 1161 Iudices,
429 1089 578 1168 epistolam
596 1088 683 1147 vobis
700 1082 891 1161 recitassem,
913 1088 966 1146 nisi

276 1187 308 1229 ut
325 1190 360 1230 ex
377 1190 412 1229 ea
427 1172 514 1228 totius
527 1167 641 1227 familiae
653 1180 797 1247 praecepta
811 1210 821 1239 ,
834 1166 871 1228 &
883 1165 966 1228 insti-

275 1265 358 1325 tuta,
378 1250 409 1310 &
431 1248 605 1330 disciplinam
621 1243 844 1328 cognosceretis.
868 1246 967 1309 Vide·

276 1333 312 1391 tis
323 1377 334 1404 ,
345 1346 376 1391 ut
394 1347 513 1390 moneat
529 1328 694 1409 Apronium
709 1324 720 1386 ἓ
735 1326 841 1465 puibut
854 1327 965 1402 rebus,

275 1433 311 1473 ac
337 1411 502 1472 muneribus
525 1411 650 1469 insinuet
678 1409 709 1465 in
748 1408 966 1470 amiliaritatem

276 1490 417 1551 Metelli?
443 1489 592 1549 Vulteium
615 1486 807 1607 corrumgat?
831 1487 966 1562 scribas,

276 1570 483 1649 accensumque
495 1572 589 1648 pretio
609 1568 744 1628 deliniat.
767 1586 803 1628 ea
813 1571 966 1651 praecipit,

278 1670 342 1730 quae
355 1648 427 1709 vidit
444 1670 450 1708 :
472 1669 505 1708 ea
521 1664 622 1708 monet
640 1646 763 1708 allenunt
784 1646 966 1723 hominem,

277 1750 342 1812 quae
360 1730 439 1789 domi
455 1730 551 1788 didicit
563 1727 634 1810 ipse.
647 1727 760 1787 Verium
771 1726 802 1785 in
812 1727 874 1790 hoc
891 1747 967 1794 errat

277 1830 363 1883 uno,
380 1809 460 1892 quud
478 1808 593 1870 easdem
606 1806 745 1869 existimat
763 1808 827 1868 vias
845 1808 888 1871 ad
899 1832 967 1873 otu·

277 1892 357 1953 nium
371 1890 575 1952 familiaritates
591 1888 647 1951 elle
665 1889 798 1947 munitas.

322 1971 388 2053 158.
409 1971 597 2052 Quamquam
610 1970 715 2029 metito
725 1966 785 2027 sum
794 1968 887 2031 iratus
900 1969 968 2033 Me·

277 2051 350 2114 tello
363 2072 371 2112 r
385 2068 484 2112 tamen
504 2052 565 2111 haec
586 2071 649 2132 quae
666 2069 737 2110 veta
749 2047 838 2124 sunt,
856 2050 966 2115 dicam

278 2132 429 2213 Apronius
445 2130 535 2212 ipsum
552 2130 706 2191 Metellum
720 2149 781 2188 non
797 2133 919 2211 pretio,
936 2150 968 2195 ut

277 2211 424 2284 Verrem,
449 2233 510 2271 non
530 2214 693 2284 convivio,
721 2229 782 2268 non
807 2212 967 2286 muliere,

278 2313 340 2354 non
357 2292 488 2353 sermone
505 2293 620 2352 incauto
638 2308 722 2370 atque
738 2291 880 2369 improbo
895 2293 968 2375 pos·

278 2371 321 2435 set
334 2392 448 2432 currum
470 2391 536 2431 ere:
552 2373 654 2453 quibus
665 2371 750 2430 rebus
762 2391 824 2429 non
837 2371 967 2449 sensim,

279 2470 367 2534 atque
384 2474 434 2512 mo
457 2452 535 2512 erate
554 2453 590 2511 ad
601 2451 676 2512 istius
691 2451 847 2511 amicitiam
858 2453 969 2536 adrep-

278 2532 381 2606 serat,
404 2531 453 2593 sed
479 2530 561 2592 brevi
584 2547 717 2613 tempore
738 2547 835 2589 totum
862 2533 970 2595 homi-

279 2633 347 2674 nem
362 2657 374 2684 ,
390 2630 540 2692 totamque
552 2610 613 2691 ejus
626 2630 778 2694 ptaeturam
789 2611 971 2691 pollederat.

281 2691 445 2754 Cohortem
470 2710 564 2754 autem
587 2694 720 2764 Metelli,
743 2712 832 2771 quam
850 2713 971 2770 vocat,

281 2774 350 2862 quid
381 2790 468 2850 erat,
494 2774 573 2858 quod
597 2789 818 2856 corrumperet,
849 2793 889 2842 ex
912 2798 974 2862 qua
