2550 4175
928 413 933 423 a

377 583 458 676 480
513 643 516 648 .
605 563 843 650 omaro

373 716 437 756 non
449 693 629 756 retardarunt
650 715 658 754 ε
677 707 738 755 non
748 695 866 755 avaritia
880 692 918 754 ab
935 691 1059 755 instinrto

374 773 456 836 cursu
471 775 507 835 ad
523 776 652 856 praedam
667 776 791 856 aliquam
803 775 986 847 devocavit,
1003 797 1059 838 nou

372 855 465 917 libido
486 857 523 915 ad
542 856 749 937 voluptatem,
774 876 836 915 non
854 859 1007 916 amoenitas
1026 855 1060 916 ad

372 936 622 1009 delectationem,
637 958 701 997 non
716 935 851 996 nobilitas
870 936 950 995 urbis
963 937 1002 996 ad
1014 958 1059 998 co·

374 1020 564 1099 gnirionem,
594 1039 654 1077 non
681 1016 807 1097 denique
833 1015 919 1077 labor
940 1017 1003 1097 ipse
1026 1016 1059 1077 ad

368 1101 503 1180 ‘quietem
521 1120 528 1157 ι
548 1095 696 1179 postremo
722 1099 832 1237 siga,
859 1096 894 1156 &
919 1098 1058 1173 tabulas,

366 1197 529 1261 ceteraque
544 1194 715 1239 ornamenta
780 1197 907 1236 aecorum
930 1178 1059 1259 oppido·

372 1279 461 1335 rum,
481 1281 544 1339 quae
570 1260 660 1318 ceteri
680 1257 811 1316 tollenda
835 1255 893 1317 effe
919 1260 1058 1320 arbitran-

369 1355 420 1399 'tur
435 1383 446 1411 ,
465 1359 500 1399 ea
519 1338 573 1397 sibi
583 1338 633 1398 ille
646 1356 684 1397 ne
702 1336 820 1399 visenda
831 1336 954 1418 quidem
966 1338 1058 1401 existi·

372 1436 473 1481 mavit.

366 1520 372 1526 ·
415 1520 465 1575 41.
484 1499 529 1560 Ita
568 1518 709 1561 eomnes
728 1498 846 1579 quidem
866 1502 996 1562 nuncin
1017 1501 1057 1562 his

328 1655 331 1659 Δ
372 1581 446 1642 locis
463 1580 523 1643 Cn.
564 1584 734 1661 ompeium‚
757 1583 830 1641 sicut
852 1581 981 1662 aliquem
1000 1603 1057 1643 non

366 1681 411 1722 ‘ex
427 1662 479 1721 hac
496 1663 567 1722 urbe
582 1660 719 1733 millum,
738 1658 787 1721 sed
809 1661 846 1721 de
863 1662 942 1721 coelo
960 1662 1056 1745 delap-

372 1742 454 1816 sum,
474 1746 644 1803 intuentur:
665 1763 741 1801 nunc
767 1740 892 1822 denique
920 1746 1055 1825 incipiunt

370 1822 523 1897 credere,
554 1821 635 1883 fuisse
662 1822 795 1883 homines
823 1822 980 1884 Romanos
1008 1825 1054 1883 hac

371 1903 520 1984 quondam
538 1902 731 1975 abstinenti2i3
760 1900 919 1984 quodiam
939 1908 1055 1965 nationi·

371 1982 424 2043 bus
443 1984 548 2042 exteris
562 1982 752 2055 incredibile,
768 2006 801 2043 ac
814 1983 888 2044 falsi>
908 1987 1054 2046 memoria

371 2063 520 2146 proditum
539 2064 711 2125 videbatun
724 2062 811 2124 Nunc
831 2067 947 2146 imperii
972 2065 1053 2127 nostri

368 2145 508 2225 splendor
524 2147 578 2206 illis
594 2147 729 2229 gentibus
750 2147 826 2206 lucet
844 2167 854 2204 ι
873 2168 953 2205 nunc
973 2148 1053 2208 intel-

371 2227 482 2309 ligunt,
501 2249 562 2287 non
577 2232 637 2287 sine
648 2226 729 2286 causa
741 2224 869 2305 majores
889 2225 957 2287 suos
975 2245 1052 2301 tum,

368 2328 460 2389 quum
482 2308 534 2367 hac
551 2308 744 2389 temperantial
761 2306 941 2388 magistratus
963 2309 1051 2369 habe·

369 2389 473 2448 bamus
490 2433 500 2462 ‚
520 2388 625 2449 servire
650 2389 762 2470 populo
783 2387 947 2462 Romano,
971 2390 1052 2472 quim

368 2470 512 2549 imperare
527 2471 608 2543 aliis,
623 2466 760 2528 maluisse.

411 2569 461 2622 42.
478 2549 544 2610 Jarn
561 2551 634 2612 verb
654 2554 701 2610 itav
711 2549 810 2610 faciles
825 2549 918 2608 aditus
934 2550 975 2611 ad
990 2571 1051 2614 eum

367 2631 580 2710 privatorum,
608 2634 648 2690 ita
673 2632 772 2691 liberoe
797 2631 991 2712 querirnoniae
1017 2631 1051 2691 de
1096 2622 1098 2685 Ᾰ

368 2709 492 2768 aliorum
509 2708 617 2788 injuriis
636 2708 693 2771 esse
711 2712 864 2783 dicuntur3
884 2726 917 2768 ut
936 2713 985 2786 is,
1007 2712 1051 2794 qui
1096 2742 1098 2787 ς

367 2787 694 2926 ἀίξηὶταιεᾶτὶηόρίὸυε
706 2791 841 2866 excellit,
853 2789 994 2852 facilitate
1005 2813 1052 2874 par

357 2868 397 2926 in
420 2869 509 2928 mise
533 2889 549 2929 e
568 2871 712 2931 videatur.
733 2872 798 2933 Jarn
820 2889 964 2952 quantum
983 2894 1052 2933 con·

355 2949 454 3023 ⁴silit),
471 2966 611 3031 quannnn
621 2951 746 3011 'dicendi
762 2953 949 3034 gravitate&
968 2953 1052 3032 cupii

367 3029 484 3104 valeat,
500 3034 528 3089 in
540 3052 600 3113 quo
612 3031 675 3113 ipso
691 3031 764 3092 inest
782 3033 916 3112 quaedarn
929 3031 1052 3116 dignitas

365 3110 577 3192 imperatoria,
595 3133 673 3189 vos,
691 3112 823 3197 Quirites
837 3156 848 3190 ,
866 3114 925 3199 huc
942 3113 1006 3256 ipslo
1024 3118 1053 3174 in

994 3215 1052 3258 oco
