2550 4175
299 632 379 742 484
430 652 434 660 ’
500 634 742 723 Ὀκλτιο

298 763 455 837 mandata,
473 778 559 845 atque
571 770 714 838 exercitus
730 764 786 830 effe
807 764 987 834 commiss‘oss

299 844 365 903 Fuit
374 846 451 904 enim
466 846 599 924 proferto
613 828 780 929 quibusdam
789 848 905 911 summis
916 855 984 913 viris

298 923 432 1003 quaedam
449 925 486 984 ad
506 928 727 1007 amplitudinem
744 933 776 988 ὅ(
791 929 828 988 ad
842 931 983 1011 gloriam,

297 1004 329 1064 &
346 1003 383 1063 ad
394 1024 439 1065 res
452 1028 570 1089 magnas
589 1010 666 1069 be'ne
690 1009 832 1091 gerendas
846 1011 981 1073 divinitus

296 1082 431 1164 adjunRa
448 1086 588 1147 fortuna:
609 1090 646 1150 de
664 1087 748 1165 hujus
771 1108 870 1150 autem
884 1092 983 1153 homi-

295 1166 340 1225 nis
356 1166 516 1241 felicitate,
542 1189 600 1250 quo
621 1170 658 1229 de
675 1190 751 1228 nunc
768 1171 906 1252 agimus,
930 1173 981 1234 hac

295 1264 360 1307 utar
373 1248 575 1309 moderatione
592 1248 728 1323 dicendi,
748 1271 808 1309 non
820 1254 894 1310 utin
909 1252 980 1313 illius

319 1326 440 1388 otestate
462 1327 607 1387 fortunam
625 1332 752 1410 positam
775 1329 833 1390 effe
859 1331 977 1407 dicam,

292 1349 343 1468 ad
362 1426 393 1467 ut
415 1411 556 1489 praeterita
576 1408 758 1483 meminisse,
778 1410 889 1491 reliqua
911 1413 979 1495 spe·

292 1508 356 1548 rare
366 1488 582 1564 videamur,ne
591 1507 639 1550 aut
649 1489 978 1555 invisadiisimmortali·

292 1570 347 1630 bus
357 1572 451 1630 oratio
461 1568 556 1630 nostra
566 1616 577 1641 ,
587 1587 635 1629 aut
648 1573 758 1652 ingrata
767 1569 823 1631 ess'e
834 1573 977 1637 videatur.

334 1649 384 1724 48.
394 1650 495 1732 Itaque
505 1673 565 1712 non
572 1650 633 1711 sum
643 1651 846 1733 praedicaturus
853 1697 865 1725 ,
878 1654 977 1733 Quiri·

292 1747 358 1804 tes,
371 1751 490 1813 quantas
498 1732 545 1793 ille
554 1752 599 1791 res
609 1732 689 1792 domi
698 1731 886 1813 militiaeque‚
901 1736 976 1796 terri

290 1815 363 1873 mari
384 1833 442 1888 ue,
463 1813 626 1895 quantique
642 1812 779 1873 felicitate
799 1813 975 1895 geffen’ttut

290 1890 354 1973 ejus
365 1834 480 1975 iemper
498 1894 696 1954 voluntatibus
707 1915 767 1952 non
780 1894 876 1955 modo
896 1899 974 1959 cives

289 1972 464 2045 assenserint,
470 1973 539 2033 socii
547 1975 785 2055 obtemperarint,
797 1974 975 2038 hostesobe·

288 2053 395 2115 dierint
404 2076 412 2127 ;
422 2053 470 2115 sed
482 2056 567 2115 etiam
577 2059 659 2116 venti
668 2053 910 2139 tempestatesque
922 2058 974 2118 ob-

287 2135 482 2198 secundarint:
493 2137 550 2197 hoc
563 2137 733 2198 brevissime
746 2139 842 2196 dicam
855 2183 866 2208 ,
880 2142 973 2200 nemi·

287 2239 356 2279 nem
363 2239 498 2299 umquam
509 2235 568 2277 tam
576 2218 776 2299 impudentem
787 2216 881 2291 fuisse,
897 2221 971 2301 quia

287 2299 339 2358 diis
349 2299 802 2360 immortalibustot&tantasres
811 2301 970 2360 tacitusau·

286 2382 396 2442 dereto
420 2399 499 2452 rare,
515 2397 586 2461 quot
597 2380 757 2461 &quantas
769 2377 808 2436 dii
818 2381 970 2452 immorta-

285 2464 327 2523 les
339 2462 375 2522 ad
415 2484 443 2520 n.
459 2461 632 2542 Pompeium
649 2458 813 2521 detulerunt
827 2462 929 2540 :quod
940 2477 969 2521 ut

284 2545 326 2604 illi
345 2545 494 2624 proprium
508 2563 540 2601 ac
553 2559 728 2622 perpetuum
741 2543 777 2598 sit
791 2584 800 2613 ,
816 2539 968 2618 Quirites,

284 2646 373 2705 quum
388 2625 549 2683 communis
560 2622 653 2682 salutis
663 2640 750 2702 atque
759 2623 874 2700 imperii
885 2667 895 2697 ‚
908 2638 968 2682 tum

282 2707 369 2784 ipsius
385 2705 510 2764 hominis
526 2705 631 2776 causi,
649 2704 731 2762 sicuti
751 2699 867 2777 facitis,
889 2703 967 2764 velle

283 2787 315 2845 &
335 2801 436 2864 optare
454 2784 575 2845 debetis.

321 2880 372 2942 493
392 2863 493 2943 Quare
507 2883 596 2944 quum
611 2863 643 2922 &
656 2862 767 2923 bellum
779 2863 819 2922 ita
836 2860 968 2924 necessa·
1015 2878 1017 2925 t

280 2944 355 3006 rium
371 2946 427 3018 sit,
448 2961 479 3003 ut
495 2943 601 3026 negligi
621 2964 682 3002 non
704 2945 795 3023 possit
811 2963 821 3015 ;
841 2945 882 3002 ita
904 2964 968 3004 ma·

302 3021 394 3099 num,
421 3042 452 3085 ut
480 3024 690 3084 accuratissime
710 3026 746 3082 sit
762 3020 976 3103 administran-⁸

280 3047 349 3167 {um
368 3128 376 3166 ι
393 3107 426 3168 &
444 3127 533 3188 quum
549 3107 576 3166 ei
589 3108 797 3185 imperatorem
812 3102 967 3185 praeficere

279 3189 412 3272 possitis,
431 3182 539 3271 in'quo
556 3188 593 3248 sit
610 3186 715 3248 eximia
734 3183 805 3246 belli
820 3183 942 3248 scientia
953 3230 970 3261 ,
