2550 4175
404 365 474 435 168
561 363 625 428 ΙΝ
661 362 901 425 VERREM

396 473 618 537 rumvoluntate
628 472 763 532 devertit.
774 469 903 530 Senator
937 470 1020 552 opuli
1028 467 1082 532 Ro·

396 558 496 626 mani,
509 553 589 637 quod
599 556 629 612 in
636 552 723 614 vobis
736 549 847 623 fuit,in
857 569 900 609 ve
945 572 966 612 ο
982 553 1082 635 oppido

397 634 506 709 acuit,
526 635 558 694 &
573 631 754 715 pernoaavit
778 632 809 690 in
833 629 963 710 publico
986 655 996 694 r
1018 631 1084 692 nullu

396 657 456 777 iroc
474 717 574 777 civitas
590 732 729 793 umquam
749 709 803 770 alia
821 713 993 773 commisit.
1009 712 1085 774 Ami-

398 817 467 857 cum
487 798 565 855 enim
581 791 709 854 nostrum
730 793 760 850 in
783 787 936 870 judicium
956 793 1085 856 vocabas

398 876 472 951 Tu,
494 874 564 957 quid
591 893 650 954 ego
676 872 810 952 privatim
832 891 873 932 ne
896 874 955 933 otii
975 894 1084 956 geram,

399 955 625 1095 intqrqretabere
648 950 852 1012 imminuendo
874 891 998 1016 Honore
1015 953 1084 1016 sena·

398 1055 476 1099 torro

443 1116 491 1176 26.
511 1113 626 1176 Verum
641 1112 702 1173 haec
719 1130 782 1171 rum
793 1131 984 1192 queremur,
996 1109 1083 1195 siquid

398 1196 438 1258 de
455 1196 540 1257 vobis
581 1215 613 1254 er
634 1213 702 1253 eum
729 1191 867 1252 ordinem
893 1212 1027 1276 agetur,
1045 1213 1083 1274 qu

399 1277 477 1338 ordo
490 1298 507 1336 a
520 1217 604 1337 veiis
625 1273 719 1332 adhuc
738 1270 804 1332 solis
823 1289 957 1334 contem
982 1291 1026 1334 tus
1044 1270 1083 1334 est·

400 1357 435 1418 ln
444 1357 545 1439 populi
556 1354 683 1415 Romani
694 1351 813 1433 quidem
829 1295 1028 1436 conspegum
1037 1371 1082 1435 qua

400 1457 453 1499 ore
473 1457 529 1499 vus
541 1432 744 1496 commisistis?
760 1451 817 1492 nec
837 1435 925 1528 prius
944 1435 1027 1496 illam
1036 1453 1084 1494 cru·

399 1539 491 1592 tem,
507 1538 570 1598 quae
590 1518 678 1577 etiam
695 1533 771 1573 nunc
789 1513 864 1572 civis
881 1513 1020 1576 Romani
1034 1513 1082 1574 sau·

400 1590 1082 1736 giiii'32⁰iiiisni⁰iiv¹÷iriri?dimi

398 1698 577 1838 gioiunium
590 1718 749 1833 abjecistis,
760 1695 1081 1836 locumque’illtiriroeom·

399 1832 1080 1980 fissiffi'iitrffiffiffriiffffi’iiiiii

400 2019 505 2059 norum
524 1995 586 2058 solo
602 1995 747 2056 foederato
764 2009 854 2075 atque
869 2015 1010 2078 pacator
1026 2015 1079 2056 uo·

401 2096 572 2141 numentum
594 2076 670 2138 istius
695 2073 874 2136 crudelitatis
907 2077 1080 2141 coustitutum

400 2159 443 2222 est
461 2181 468 2218 :
489 2160 620 2219 vestrane
642 2156 709 2217 urbs
732 2154 826 2217 elesta
845 2154 918 2233 est,
946 2160 987 2223 ad
1009 2176 1078 2243 quau

399 2260 491 2321 quum
508 2238 618 2297 adirent
632 2258 671 2298 ex
687 2235 791 2308 Italia,
806 2256 937 2299 crucem
951 2242 1021 2301 civis
1034 2236 1080 2299 Ro·

401 2320 480 2381 mani
509 2320 585 2391 rius,
601 2317 689 2399 quim
706 2335 886 2398 quemquam
898 2324 1080 2401 amicumpr

400 2399 462 2479 puli
478 2340 603 2459 iiomaui
618 2394 777 2459 viderent?
796 2416 890 2476 quam
907 2422 971 2461 vos
983 2398 1080 2481 Rhegi

402 2481 446 2539 nis
459 2521 469 2552 ,
484 2500 607 2560 quorum
623 2480 731 2537 civit-ati
746 2476 911 2554 invidetis,
925 2482 1002 2543 item
1013 2482 1080 2541 inco·

401 2558 436 2618 iis
455 2555 582 2631 vestris,
605 2558 715 2617 civibus
737 2557 908 2634 Romanis,
942 2558 1080 2623 ostendere

401 2636 513 2697 soletis:
530 2638 690 2718 qubminirs
701 2637 755 2697 sibi
765 2655 934 2721 arrogent,
947 2638 1081 2721 minusque

401 2738 457 2777 vos
472 2716 644 2798 despiciant,
659 2739 746 2799 quum
760 2717 884 2781 videant
908 2719 960 2803 jus
975 2720 1082 2785 civitatis

400 2798 453 2857 illo
468 2797 606 2940 squlicio
623 2797 679 2860 effe
695 2798 865 2861 martiatum.

444 2877 495 2939 xr
516 2878 650 2942 uerum
664 2878 874 2945 haecemuete
887 2881 983 3000 ucis.
996 2876 1083 3023 quq:
