2550 4175
409 394 518 464 Pno
547 388 591 464 A.
619 392 848 463 cncrrtr.
898 399 977 484 '437

293 502 511 585 jurisconsultos
529 508 640 570 diceret
655 529 662 568 :
680 506 730 569 sed
751 524 783 566 ut
801 507 860 566 hoc
885 506 979 588 docef

294 603 358 659 ret,
370 587 461 659 illud,
478 590 558 670 quod
568 588 701 650 Scaevola
710 587 887 648 defendebat
897 632 906 660 ,
917 608 978 646 non

295 666 352 728 elle
365 665 433 744 juris
448 690 457 741 ;
470 669 503 729 &
517 672 546 730 in
557 690 623 731 earn
637 690 700 729 rent
710 688 771 728 non
782 666 873 728 solitrn
888 670 981 727 tatio-

292 767 348 807 nes
364 746 499 822 afferret,
513 748 563 810 sed
578 751 666 809 etiam
685 747 728 828 Q.
741 746 862 819 Mucio,
876 745 978 809 socero

294 827 367 900 suo,
385 828 536 910 multisque
547 829 723 911 peritissimis
736 827 901 888 horninibus
910 841 992 889 auc-'

295 907 406 967 toribus
420 924 557 971 uteretur.

338 988 449 1049 XXV.
468 989 546 1051 Nam
562 992 610 1073 qui
626 988 672 1071 jus
685 990 771 1051 civile
787 1003 981 1051 contemnen-

290 1067 366 1129 dum
380 1086 482 1151 putat,
499 1074 523 1131 is
540 1074 656 1133 vincula
672 1071 787 1133 revellit
805 1092 866 1130 non
886 1069 979 1130 mode>

295 1145 493 1229 judiciorum,
508 1152 558 1213 sed
577 1155 665 1213 etiarn
690 1153 837 1223 utilitatis,
853 1154 980 1232 vitaeque

289 1236 457 1306 eommunis
471 1254 479 1291 z
493 1236 543 1313 qui
560 1250 658 1294 autem
668 1235 843 1313 interpretes
853 1229 921 1308 juris
932 1233 982 1291 vi·

293 1327 412 1391 ruperat
428 1333 437 1385 ;
454 1314 477 1371 si
493 1315 645 1394 imperitos
662 1310 730 1391 juris
755 1310 812 1373 elle
831 1310 921 1382 dicit3
942 1310 980 1371 de

290 1390 485 1466 hominibus,
506 1413 567 1452 non
589 1393 626 1454 de
646 1391 709 1471 jure
735 1392 812 1453 civili
832 1390 980 1450 detrahit:

297 1474 341 1531 sin
355 1474 453 1551 peritis
464 1493 526 1533 non
556 1490 617 1533 utar
627 1473 683 1534 elle
697 1471 983 1554 obtemperandum

297 1573 360 1612 non
378 1554 512 1613 homines
532 1495 635 1625 laedit,
652 1553 702 1614 sed
718 1554 798 1637 leges
816 1575 849 1613 ac
868 1549 931 1631 juta
942 1551 984 1611 la·

297 1631 432 1694 befatrat.
453 1632 546 1713 Quod
566 1636 653 1695 vobis
673 1639 773 1696 venire
798 1636 829 1693 in
850 1639 983 1695 mentem

297 1713 430 1796 profeellt
449 1713 561 1777 necess'e
581 1714 622 1776 est
635 1735 645 1789 ;
660 1715 729 1776 nihil
748 1714 804 1777 effe
821 1715 849 1774 in
865 1716 983 1775 civitate

293 1811 359 1870 tam
374 1797 550 1878 diligenter,
588 1797 656 1856 uim
674 1793 718 1872 ius
732 1796 835 1869 civile,
854 1798 985 1857 retinen·

300 1874 369 1932 dum
393 1896 400 1933 t
423 1878 557 1947 etenim,
602 1896 639 1935 oc
661 1874 800 1947 sublato,
822 1874 891 1933 nihil
914 1874 982 1945 est,

299 1974 387 2035 quare
415 1955 598 2035 exploratum
627 1955 759 2032 cuiquam
787 1955 878 2033 possit
892 1950 983 2026 effe,

300 2033 369 2116 quid
384 2033 464 2094 suum
475 2077 484 2107 ,
495 2050 542 2094 aut
553 2032 623 2115 quid
632 2033 758 2093 alienum
773 2034 809 2092 sit
821 2053 829 2091 t
843 2032 913 2091 nihil
922 2030 983 2107 est,

258 2156 262 2161 -
300 2114 381 2197 quod
399 2114 539 2197 aequabile
557 2117 634 2176 inter
650 2132 775 2186 omnes,
791 2128 877 2195 atque
893 2133 984 2176 unum

300 2195 436 2258 omnibus
454 2193 511 2255 elle
528 2196 632 2276 possit.

341 2295 392 2353 71.
404 2275 505 2357 Itaque
515 2279 545 2336 in
559 2277 662 2339 ceteris
676 2276 884 2337 controversiis
895 2292 984 2358 atque

299 2355 433 2439 judiciis,
452 2378 541 2440 quum
558 2359 693 2437 quaeritur
708 2403 718 2430 ,
736 2358 843 2440 aliquid
854 2355 983 2430 saelum,

301 2459 395 2501 necne
416 2442 472 2511 sit;
490 2459 593 2500 vetum
606 2484 615 2513 ‚
629 2459 667 2498 an
680 2436 781 2498 falsum
799 2437 982 2521 proferatur:

303 2519 335 2577 &
353 2519 434 2581 tillus
451 2517 529 2581 tellis
548 2518 696 2581 subornari
708 2519 805 2595 solet,
823 2520 854 2579 δι
871 2521 985 2601 imponi

302 2595 376 2656 falsae
399 2601 526 2660 tabulae:
546 2621 786 2683 nonnumquam,
806 2598 930 2667 honesto

301 2675 446 2757 probabili
468 2683 608 2754 nomine,
633 2683 716 2744 bono
741 2676 874 2755 vimf'

296 2776 386 2821 error
402 2755 511 2834 objici:
530 2761 668 2839 improbo
689 2760 810 2821 facultas
830 2822 833 2829 ,

303 2856 394 2918 quum
405 2835 494 2897 sciens
504 2857 660 2918 perperam
670 2837 823 2916 judicarit,
844 2844 851 2853 ”

305 2931 449 2995 ωω,αυτ
465 2917 577 2982 tabulis
593 2916 706 2983 secutur
720 2916 849 3023 efferi-
