2550 4175
272 388 319 459 88
433 390 495 459 Iu
530 394 770 459 Vrinam

312 503 527 565 Lv111.-Prt›
545 507 583 565 dii
600 506 799 565 immortalesl
819 504 879 565 hoc
904 519 956 567 aut

269 585 412 645 innocens
443 584 534 646 horno
564 587 679 667 perpeti
707 584 877 667 potuisset,
904 604 957 648 aut

291 668 402 727 uamvis
417 685 547 739 nocens,
562 669 611 747 qui
626 665 718 726 modo
726 664 833 746 judicia
846 666 958 727 Romae

268 687 334 807 sore
351 762 486 826 putaret,
502 768 562 806 non
578 746 672 828 aliqud
684 747 869 808 simulatione
881 744 959 807 exis-

269 826 414 886 timationi
433 825 465 886 se.
481 826 631 886 hominum
648 826 815 888 venditasset
834 830 846 891 3
869 826 959 907 Quid

271 908 314 967 esi
329 908 408 967 hoc?
427 905 545 988 sponsio
563 905 596 966 sit
609 906 647 966 de
668 911 786 988 capite,
805 929 839 968 ac
856 906 959 967 fortu-

270 988 315 1048 nis
336 989 391 1047 tuis
408 1005 418 1043 ε
433 1006 465 1045 tu
482 986 584 1060 sedes,
602 988 634 1046 &
651 987 793 1068 quiescis?
810 1008 872 1047 non
885 1008 959 1068 per-

269 1065 396 1148 sequeris
410 1074 419 1123 ἓ
436 1088 498 1144 non
517 1066 706 1148 perseveras?
720 1089 781 1128 non
792 1071 958 1148 perquiris,

269 1150 317 1208 cui
334 1148 437 1212 dixerit
453 1147 623 1228 Apronius?
641 1150 704 1229 quis
717 1146 865 1217 audierit?
877 1149 960 1210 unde

268 1227 461 1301 humatum,
477 1226 724 1309 quemadmodum
738 1228 886 1309 prosatum
900 1233 961 1288 sit?

271 1306 302 1370 Si
319 1312 380 1389 quis
400 1308 452 1368 tibi
479 1308 516 1367 ad
540 1328 640 1368 aurem
661 1306 843 1381 accessisset,
860 1309 892 1367 &
912 1310 962 1367 di-

270 1387 373 1463 xisset,
393 1388 560 1469 Apronium
586 1388 744 1461 diffiteare,
771 1406 802 1449 te
823 1389 879 1447 sibi
900 1388 962 1449 effe

269 1468 379 1529 socium
396 1489 402 1527 :
419 1471 600 1529 commoveri
619 1487 649 1528 te
671 1471 823 1549 oportuit,
845 1490 963 1530 vocare

271 1550 459 1629 Apronium,
475 1550 620 1610 necilium
634 1550 701 1608 ante
712 1549 763 1608 tibi
773 1547 968 1622 satisfacere,

313 1630 359 1689 dnr
376 1647 408 1689 tu
428 1632 559 1689 omnium
580 1627 785 1688 existimationi
803 1627 965 1691 satisfecis-

284 1729 339 1770 es:
361 1730 450 1789 quum
480 1710 553 1769 verb
584 1711 616 1767 in
637 1708 711 1768 soro
741 1709 965 1785 celeberrimo,

272 1788 352 1850 tanti
370 1788 531 1869 frequentis
543 1833 557 1860 ,
576 1788 657 1863 hoc,
673 1789 769 1850 uerbo
789 1788 822 1848 dt
837 1790 965 1852 rimula·-¹

271 1870 377 1943 tione,
399 1870 534 1951 Apronio
554 1889 614 1944 ,re
637 1869 710 1930 veri
736 1870 788 1929 tibi
808 1868 965 1948 objettum

272 1947 363 2023 esset3
381 1966 415 2010 tu
438 1970 574 2031 umquam
594 1967 704 2011 tantam
721 1950 837 2038 plagam
855 1954 965 2023 tacitus

271 2034 405 2113 accipere
416 2030 584 2113 'potuisses',
603 2033 656 2091 niti
673 2032 729 2091 huc
743 2032 783 2090 ita
800 2027 966 2106 statuisses,

272 2115 302 2173 in
327 2133 359 2173 te
377 2130 435 2173 ram
454 2111 602 2173 manifesti
619 2112 757 2192 quidquid
777 2108 912 2186 dixisses,
932 2131 965 2174 te

272 2192 401 2254 deterius
421 2191 664 2253 essesusrurum?
690 2216 693 2225 ·
713 2216 716 2221 ·
774 2194 803 2250 ,“
830 2215 841 2248 ·.
858 2216 871 2225 ··
925 2244 930 2251 .

319 2268 580 2351 134..Quaestores
599 2266 619 2341 ,’
639 2270 777 2350 legatos,
800 2269 965 2350 praeseiios

272 2350 358 2424 suos,
371 2353 525 2425 tribunos,
540 2348 631 2410 multi*
642 2348 737 2410 missos
756 2348 913 2424 fecerunt,
930 2354 966 2413 δὲ

273 2431 312 2499 de
341 2435 491 2511 provincia
518 2429 661 2491 decedere
692 2427 829 2510 jusserunt
843 2435 862 2504 ,’
878 2433 967 2512 quod

273 2532 378 2573 eorum
399 2513 482 2592 culpa
507 2510 540 2573 se
562 2513 660 2571 minus.
679 2510 967 2574 commodetaudire

274 2593 478 2671 arbitrarentur
490 2638 500 2666 ‚
513 2609 562 2652 aut
581 2590 662 2671 quod
680 2610 806 2670 peccare·
820 2589 887 2667 iilos
911 2595 969 2653 ali-

272 2693 329 2752 qua
348 2676 376 2731 in
389 2694 424 2732 re
437 2670 612 2749 ¹judicarent.
627 2669 678 2731 Tu
695 2671 887 2750 Apronium,
905 2673 969 2734 ho-

273 2755 384 2814 minem
410 2754 986 2840 vix.liberum,eontaminatumffleq

273 2831 611 2915 diumnflagitiofum,
626 2832 676 2911 qui
691 2829 876 2891 dommodo
890 2837 970 2895 mni.

272 2933 353 2973 mum
379 2915 546 2995 integrum,
567 2910 619 2987 sed
635 2931 675 2974 ne
691 2915 827 2973 murram
842 2916 969 2993 quidem
