2550 4175
328 693 586 762 Acrrorrrs
612 691 659 762 II.
681 696 717 764 L.
734 694 801 765 III.
840 714 908 789 ¹41

227 806 376 881 nonest,
401 806 450 867 sed
471 810 558 869 etiam
580 825 660 891 grata
677 807 727 869 est.
747 810 914 884 Sacerdos,

231 904 264 943 ut
280 888 307 945 in
322 890 502 967 provinciam
513 890 594 948 venit
607 933 616 961 ,
629 888 802 950 frumentum
814 895 842 951 in
853 893 915 952 cel-

230 967 289 1024 lam
305 969 468 1047 imperavit.
482 968 584 1047 Quum
595 964 685 1041 effet,
702 987 768 1030 ante
782 993 913 1045 novum,

230 1048 317 1105 tritici
327 1046 442 1107 modius
456 1048 577 1109 denariis
591 1049 717 1185 Ἡῖὐηςυε
729 1069 738 1118 3
748 1053 915 1130 petiverunt
946 1116 948 1120 ,

230 1126 269 1185 ab
294 1146 332 1186 eo
355 1130 505 1202 civitates,
522 1147 554 1188 ut
574 1148 597 1186 ae
623 1130 748 1188 'maretz
770 1133 914 1192 remissior

230 1206 378 1287 aliquanto
388 1205 451 1288 ejus
464 1208 518 1288 ¹fuit
531 1208 679 1269 aedimatio
692 1252 701 1282 ,
719 1207 805 1289 quim
817 1231 914 1270 anno·

230 1305 297 1346 nae:
317 1308 385 1362 narn
409 1286 557 1348 aestimavit
581 1287 704 1348 denariis
722 1307 774 1349 111.
795 1289 914 1366 Vides,

232 1367 368 1428 eamdem
381 1366 619 1440 aestimationem,
639 1385 761 1451 propter
773 1374 915 1453 temporis

232 1446 508 1524 dissimilitudinem,
521 1453 551 1509 in
564 1448 616 1508 illo
631 1449 723 1510 laudis
735 1450 846 1510 causam
860 1451 916 1511 ha-

232 1527 303 1588 bere
313 1573 323 1602 ‚
334 1530 364 1588 in
375 1543 405 1589 te
418 1572 427 1603 ,
442 1531 565 1590 criminis
576 1530 623 1587 :in
639 1528 690 1588 illo
700 1571 710 1603 ,
722 1528 855 1589 benefitii
864 1553 874 1605 ;
884 1533 914 1592 in

233 1623 285 1678 te,
302 1606 410 1686 injuriae
425 1609 436 1667 ἓ
803 1681 807 1688 ι

275 1706 345 1767 215.
361 1686 475 1747 Eodem
490 1701 625 1767 tempore
642 1684 788 1747 Antonius
803 1703 844 1744 111
863 1686 916 1746 de-

233 1770 318 1826 nariis
335 1765 483 1827 aestimavit
497 1810 507 1838 ,
522 1764 587 1845 post
602 1764 742 1840 mess'em,
758 1766 868 1824 summa
884 1768 915 1826 in

233 1848 344 1908 vilitate
363 1890 372 1921 ,
394 1867 482 1928 quum
500 1860 627 1926 aratores
650 1844 827 1907 frumentum
846 1844 916 1907 dare

231 1930 321 2008 gratis
337 1928 485 1989 malebant
505 1946 512 1984 :
534 1926 567 1985 &
589 1925 703 2001 aiebat,
728 1925 757 1987 se
775 1927 916 1987 tantidem

236 2006 379 2068 aedimaffe
390 2007 508 2090 ,quanti
516 2004 702 2068 Sacerdotem
714 2027 721 2065 ε
732 2026 826 2089 neque
835 2025 919 2067 men-

236 2090 377 2149 tiebatur:
395 2088 446 2149 sed
461 2086 564 2149 eidem
581 2084 631 2147 istd
646 2085 838 2149 aestimatione.
845 2089 917 2150 alter

237 2167 397 2230 sublevarat
407 2184 552 2240 aratores,
569 2167 640 2227 alter
651 2184 805 2230 everterat.
823 2167 916 2246 Quod

237 2251 290 2307 nisi
312 2250 408 2308 omnis
427 2247 564 2306 frumenti
587 2248 661 2306 ratio
680 2266 716 2306 ex
737 2248 918 2326 temporibus

208 2374 211 2379 .
238 2326 329 2401 effer,
348 2328 379 2386 δι
390 2347 526 2397 annona,
541 2344 602 2383 non
613 2342 650 2384 ex
666 2343 788 2384 numero
800 2369 810 2398 ,
821 2344 917 2405 neque

239 2428 276 2468 ex
294 2405 424 2479 summa,
438 2403 647 2464 consideranda
659 2423 669 2474 ;
682 2424 838 2484 numquam
858 2421 920 2464 tam

237 2490 310 2570 grati
320 2487 349 2546 hi
357 2483 537 2566 sesquimodii
547 2528 556 2557 ,
567 2482 608 2563 Q.
620 2483 777 2557 Hortensi,
788 2481 918 2544 fuissent:

238 2589 313 2649 quos
332 2585 364 2626 tu
382 2587 469 2646 quum
490 2564 527 2623 ad
547 2562 685 2624 mensurae
706 2580 765 2622 tam
787 2565 919 2646 exiguam

238 2651 382 2708 rationem
406 2645 517 2727 populo
544 2643 681 2705 Romano
699 2646 728 2703 in
750 2647 842 2724 capita
864 2645 920 2707 de-

241 2727 389 2808 scripsiffes
408 2771 418 2801 ,
438 2726 628 2809 gratissimum
647 2725 780 2785 omnibus
799 2723 887 2784 fecisti
906 2746 915 2785 s

239 2812 339 2868 caritas
358 2809 435 2868 enim
459 2826 581 2866 annonae
607 2803 753 2878 faciebat,
774 2822 805 2863 ut
825 2802 920 2876 istuc,
1018 2862 1021 2867 ,

239 2888 370 2969 quodne
411 2909 511 2947 arvum
526 2886 700 2957 videbatur,
716 2901 850 2964 tempore
860 2904 921 2943 rna·
1013 2902 1016 2907 ·

241 2988 331 3051 gnum
349 2910 506 3028 videretur.
528 2966 610 3027 Idem
628 2966 696 3026 istuc
715 2967 738 3023 si
759 2967 789 3023 in
807 2965 920 3025 vilitate
1003 2996 1007 3015 ·

241 3046 355 3130 populo
374 3046 508 3107 Romano
538 3047 631 3127 largiri
660 3043 816 3115 voluiffe53
838 3044 919 3103 deri-

242 3129 304 3189 sum
324 3142 403 3184 tuum
427 3126 599 3189 beneficium
623 3123 714 3197 effer,
737 3141 821 3203 atque
849 3143 922 3186 con·

241 3223 395 3286 temptum.
