2550 4175
387 398 489 466 Pno
516 395 566 462 M.
591 396 841 466 Fonrnro.
895 414 969 490 377

290 511 329 574 C.
351 512 449 573 Annio
465 511 616 583 Bellieno,
633 513 664 572 &
677 509 714 572 (ἶ.
736 511 859 572 Fonteio
876 529 970 588 nogo-

290 597 361 653 tium
374 593 465 652 dedit.
482 591 583 672 ltaque
598 591 771 674 profuerunt
784 611 790 650 :
804 593 971 669 imperave-

290 692 356 733 runt
376 696 430 753 pro
451 673 588 754 dignitate
610 671 681 750 sua,
700 671 779 752 quod
798 669 889 730 visutn
906 669 969 744 ost,

290 754 538 835 &probaverunt
558 773 565 810 ε
585 751 664 834 quod
682 773 761 825 vos,
780 753 801 810 si
821 749 896 810 nulla
915 751 970 810 alia

291 853 328 892 ex
350 855 403 907 re,
430 855 465 893 ex
491 833 592 892 litteris
616 833 734 915 quidem
758 829 882 904 nostris,
900 849 970 968 punt

291 912 471 993 exscripsistis
482 958 491 987 ,
501 914 533 974 &
542 916 644 988 missis,
655 915 685 974 &
697 913 806 986 allatis,
817 913 894 972 certo
914 912 971 970 ciro

290 995 419 1074 potuistis
432 1017 438 1054 ε
451 1015 520 1076 quas
537 997 560 1053 si
576 1013 661 1058 antea
682 1015 742 1055 non
757 991 862 1077 legistis
873 1037 882 1066 ‚
895 1012 971 1052 nunc

290 1095 327 1140 ex
337 1077 439 1148 nobis,
456 1075 572 1157 quidde
586 1077 618 1136 iis
631 1077 716 1138 rebus
726 1075 861 1136 Fonteius
879 1073 914 1133 nd
927 1073 972 1134 lo-

288 1173 372 1294 patos
386 1155 450 1217 suos
466 1155 624 1238 scripserit,
650 1157 718 1238 quid
734 1157 771 1216 ad
788 1177 854 1218 eunt
866 1155 903 1214 ilii
922 1174 972 1214 ro-

302 1236 798 1318 cripserint,cognoscitoerrrnru
809 1233 974 1294 nuCAu·

291 1334 380 1376 urunt
399 1336 473 1377 nno.
492 1335 538 1376 nn
558 1313 595 1376 C.
606 1317 787 1378 Fournrun
809 1313 974 1374 120.er-

290 1413 387 1454 nnnn
404 1416 425 1455 n
442 1395 477 1457 C.
495 1397 610 1456 Annio
628 1415 701 1456 nno.
722 1415 744 1458 Α
763 1395 799 1457 C.
816 1395 970 1456 Fourrro

292 1493 366 1535 Lm.
381 1475 455 1535 Satis
470 1479 576 1557 opinor
595 1475 651 1537 effe
669 1477 847 1558 perspicuum
865 1519 874 1550 ,
890 1473 973 1534 Judi-

291 1576 358 1629 ces,
372 1555 445 1616 hanc
458 1559 600 1618 rationem
618 1559 806 1632 munitionis,
821 1575 915 1638 neque
935 1553 972 1614 ad

291 1636 339 1696 M.
354 1636 507 1700 Fonteium
520 1641 664 1719 pertinere
676 1685 685 1714 ,
695 1639 727 1700 &
736 1639 771 1698 ab
782 1640 814 1698 iis
825 1635 880 1698 eise
897 1655 973 1698 trac·

291 1734 381 1778 ratam
392 1763 403 1791 ,
417 1741 489 1801 quos
498 1741 585 1780 nemo
603 1723 694 1802 possit
708 1719 931 1803 reprehendere.

332 1799 373 1860 V.
388 1798 562 1883 Cognoscite
574 1823 650 1862 nunc
661 1803 696 1866 de
707 1805 825 1864 crimine
837 1801 969 1874 vinario,

291 1879 373 1962 quod
398 1879 436 1939 illi
462 1882 742 1956 invidiosissimum,
764 1883 797 1942 &
814 1883 971 1942 maximum

291 1957 349 2021 effe
360 1959 525 2021 voluerunt.
544 1957 665 2022 Crimen
681 1983 698 2022 a
716 1959 873 2034 Plaetorio,
887 1959 973 2020 iudi·

291 2059 361 2112 ωε,
380 2041 421 2101 ita
439 2038 622 2103 constitutum
645 2039 686 2103 est
702 2061 710 2105 τ
729 2039 856 2103 Fonteio
870 2059 929 2101 non
942 2041 969 2105 itt

292 2118 389 2181 Gallia
400 2122 523 2201 primum
533 2119 640 2183 veniss'o
651 2124 681 2181 in
699 2138 826 2185 mentum
838 2164 846 2195 ‚
862 2136 893 2179 ut
903 2140 974 2201 por·

291 2202 399 2259 toriurn
421 2202 482 2282 vini
500 2200 679 2278 institueret,
701 2202 750 2267 sed
769 2202 822 2263 hat
844 2202 872 2261 in
890 2198 972 2269 ltalia

291 2280 442 2363 propositi
462 2283 599 2357 ratione,
616 2282 712 2345 Romi
729 2280 902 2367 prosoflunt.
915 2278 975 2347 ltu

291 2381 349 2441 que
366 2360 510 2421 Titurium
529 2361 647 2423 Tolosa
661 2380 817 2447 quaternos
836 2363 972 2426 denarios

292 2443 323 2501 in
338 2443 461 2581 sinpulas
476 2446 536 2504 vini
550 2444 705 2526 amphoras
717 2446 837 2527 portorii
852 2444 971 2509 nomino

293 2524 375 2601 exegi
399 2543 437 2582 e:
456 2522 588 2585 Croduni
606 2524 763 2601 Porcium,
782 2526 814 2587 ὰ
832 2524 971 2592 unnim

292 2616 392 2661 ternos
408 2602 574 2666 nuntiatos
592 2626 600 2665 ε
618 2604 802 2671 Vulchalone
822 2604 971 2672 §mm

293 2681 380 2741 binos
395 2679 479 2755 H-S‚
497 2684 529 2745 &
544 2684 710 2747 viiloziatos
726 2688 814 2749 milio.
828 2686 927 2771 Atque
939 2690 971 2752 in

294 2760 339 2820 his
356 2758 428 2819 locis
446 2760 601 2839 Croduni,
621 2768 654 2827 &
670 2766 854 2828 Vulturinno
871 2766 909 2828 ob
927 2764 972 2829 br·

294 2841 457 2925 portorium
475 2842 529 2908 effe
543 2844 698 2923 caetum,
717 2848 742 2912 rr
754 2846 804 2931 qui
814 2843 973 2913 (hithm-
