2550 4175
285 380 364 475 426
511 377 729 446 Oufflo

282 500 396 557 minem
411 488 484 552 statu
501 492 671 568 detrusum,
693 492 744 573 qui
761 511 823 552 nou
842 492 970 555 adhibita

283 579 337 715 vil,
354 595 441 635 manu
453 573 610 651 demotus,
626 577 662 644 &
679 574 757 636 aelus
773 594 904 659 ptaeceps
924 579 970 637 ln-

280 673 313 717 te
325 657 344 716 li
365 673 439 715 atur.

330 677 376 818 ςξ.
397 733 540 813 DejelIus
552 736 625 797 verb
639 736 689 819 qul
706 732 801 817 potest
819 734 878 797 elle
896 735 971 819 quis·

199 827 202 835 '
284 838 395 899 quam,
411 820 466 877 nisi
484 820 513 877 in
530 817 700 878 inferiorem
714 818 812 878 locum
832 818 870 878 de
883 818 970 898 supe·

282 902 361 959 tiore
372 916 470 960 motus
483 905 492 952 ἓ
507 897 602 980 potest
613 897 727 979 pulsus,
740 898 875 979 fugatus,
889 898 970 978 ejec-

281 995 330 1040 tus
347 980 473 1059 denique
494 999 500 1035 ε
519 979 590 1040 illud
603 980 679 1040 verb
698 979 778 1038 nullo
797 980 893 1039 modo
915 1003 968 1062 po·

279 1059 363 1133 test,
381 1058 509 1137 dejeuus
535 1057 591 1120 effe
611 1058 782 1140 quisquam,
798 1080 862 1119 non
879 1062 968 1122 modb

283 1142 333 1221 qui
354 1138 443 1200 tallus
457 1161 517 1199 non
538 1144 593 1213 sit,
605 1139 655 1200 sed
674 1161 712 1200 ne
732 1162 818 1221 aequo
835 1142 967 1221 quidem,

281 1222 317 1281 &
336 1222 425 1302 plano
444 1221 524 1281 loco.
544 1221 627 1301 Quid
647 1241 678 1281 er
699 1221 742 1280 o?
763 1222 968 1283 hocinterdic·

282 1318 347 1363 tum
367 1318 502 1384 putamus
521 1323 624 1364 eorum
644 1322 661 1362 e
685 1322 702 1361 e
721 1303 806 1362 caus&
819 1306 968 1384 compoti·

282 1399 369 1457 tum,
388 1386 437 1463 qui
453 1381 482 1444 se
503 1385 697 1464 praecipitatos
712 1402 749 1443 ex
760 1383 875 1444 Iocissu
898 1387 968 1445 erio·

281 1465 359 1524 ribus
381 1463 531 1524 dicerent·>
557 1483 608 1525 eos
629 1466 708 1525 euim
731 1466 802 1526 vere
822 1486 865 1545 po
889 1486 968 1526 umus

283 1544 381 1606 dicere
398 1543 454 1605 else
470 1541 611 1623 dejellos.
753 1591 755 1596 .

323 1623 462 1685 XVIII.
486 1624 629 1698 Annon,
647 1645 737 1705 quum
756 1624 917 1701 voluntas,
938 1626 969 1687 &

280 1705 458 1776 eonsilium,
475 1706 507 1766 &
522 1704 665 1767 sententia
673 1704 819 1766 interdlffi
825 1708 971 1789 intelliga-

280 1800 328 1844 tur
338 1830 348 1859 ,
358 1785 569 1866 impudentiam
587 1785 749 1858 summam,
761 1804 810 1847 aut
821 1786 971 1848 stultitiam

280 1867 456 1948 singularem
470 1868 654 1948 putabimus,
664 1868 694 1927 in
703 1862 970 1931 verborumerrore

281 1946 388 2010 versari
406 1968 414 2007 :
432 1968 525 2021 rem,
551 1949 584 2009 &
607 1946 742 2021 causam,
765 1949 798 2008 &
816 1948 970 2010 utilitatem

283 2050 474 2093 communem
502 2051 564 2092 non
589 2028 754 2112 relinquere
775 2027 870 2090 sotum
889 2075 901 2106 ,
922 2029 970 2093 sed

280 2115 372 2175 etiam
388 2111 599 2194 proderelAu
617 2113 676 2172 hoc
693 2110 813 2204 dubium
824 2110 867 2173 est
879 2157 890 2186 ,
902 2116 968 2194 quin

280 2194 795 2356 lzll‘0131‘520l332³1¹32;⁰l2312¹5
801 2214 970 2358 2352?ss

238 2374 240 2378 ⁴
280 2354 333 2418 sed
349 2375 387 2417 ue
402 2357 433 2416 in
450 2355 505 2417 alia
521 2354 640 2436 quidem
658 2353 736 2427 ulla,
752 2373 800 2414 res
814 2371 852 2414 ut
865 2377 971 2418 omnes

281 2435 339 2497 suis
350 2438 457 2510 certis,
473 2456 507 2497 ac
516 2438 642 2517 propriis
650 2434 804 2494 vocabulis
812 2440 972 2498 nominen-

281 2515 354 2578 tur?
376 2536 472 2598 neque
490 2517 565 2578 verb
581 2515 740 2598 quidquam
757 2535 832 2596 opus
847 2520 889 2578 sit
905 2540 973 2580 ver·

282 2596 329 2659 bis
341 2640 353 2668 ‚
366 2617 456 2678 quum
471 2616 586 2670 entes,
601 2595 682 2676 eujus
697 2596 886 2667 causltverha
896 2620 974 2680 quee-

280 2678 337 2738 eita
349 2679 406 2737 sint
416 2720 427 2752 ‚
436 2676 612 2759 intelligatur
626 2682 636 2732 ?
652 2676 731 2758 Quae
746 2677 816 2751 lex,
830 2681 914 2761 quod
927 2681 973 2742 se·-

280 2756 551 2833 uatuec'onsultum‚
572 2757 659 2842 quud
681 2755 862 2900 magstratlls
887 2761 973 2823 edic·

281 2854 371 2913 xum,
386 2839 470 2922 quod
491 2839 802 2920 foedussautpw'o,
819 2843 925 2922 quod,
940 2861 974 2905 ut

279 2919 322 2985 ud
347 2923 474 3005 priuatae
498 2942 544 2986 tes
563 2920 688 2986 tedetuu
704 2965 715 2998 ,
732 2918 973 3002 testamentum,
