2550 4175
255 595 258 601 Ι
294 508 392 597 Paro
419 511 549 583 Lacr
577 511 819 586 Maureta.
846 530 926 610 477

240 623 401 687 Sardiniam
424 649 490 688 cum
511 628 595 691 classe
620 632 701 691 venit
725 651 732 690 :
753 647 840 713 atque
864 630 927 692 haec

240 709 296 766 tria
312 706 497 769 frumentaria
513 709 634 770 subsidia
649 711 811 792 reipublicae
826 710 929 777 firmis,-

239 789 319 846 simis
331 790 488 870 praesidiis,
501 790 697 871 ‚classibusque
712 794 844 854 munivit.

237 871 239 875 ’
286 885 333 948 35.
344 868 417 928 Inde
432 869 480 942 ,se
490 876 579 952 quum
592 874 620 930 in
635 870 746 932 Italiam
758 867 930 954 recepisset}

242 948 355 1008 duabus
367 949 529 1031 Hispaniis,
542 953 575 1012 &
591 952 688 1013 Gallia
699 949 843 1033 Cisalpina
852 975 928 1034 prae·

242 1029 322 1088 sidiis
342 1051 375 1089 ac
393 1032 516 1090 navibus
533 1032 725 1105 confirmati,
743 1036 833 1092 missis
855 1037 928 1096 item

236 1111 273 1170 ,in
295 1131 377 1183 oram
401 1110 512 1193 lllyrici
536 1116 644 1188 maris,
666 1114 698 1173 ὃ(
716 1115 745 1172 in
763 1114 929 1190 Achaiam,

242 1202 429 1275 omnemque.
442 1190 587 1254 Graeciam
605 1195 747 1268 navibus,
764 1193 852 1255 Italiae
866 1195 927 1258 duo

243 1273 333 1332 maria
346 1274 489 1334 'maximis
515 1273 677 1348 classibus,
703 1273 928 1358 firmissimisque

264 1353 379 1414 raesidiis
407 1355 565 1415 adornavit
589 1375 596 1413 ε
625 1356 683 1435 ipse
713 1374 833 1428 autem,
855 1375 887 1416 ut
908 1379 927 1418 a

243 1373 396 1494 druidisio
413 1433 560 1516 profesIus
579 1432 621 1494 est
639 1480 650 1508 ‚
669 1435 873 1516 undequinqua
894 1455 928 1496 e-

244 1517 319 1574 simo
338 1514 385 1574 die
401 1533 496 1574 totam
512 1515 550 1573 ad
565 1515 719 1594 imperium
739 1516 843 1595 populi
891 1537 930 1574 o-

240 1596 323 1655 mani
337 1592 471 1655 Ciliciam
488 1593 618 1673 adjunxit
632 1616 640 1654 t
659 1615 762 1655 omnes
774 1639 783 1668 ‚
796 1597 844 1676 qui
860 1596 929 1655 ubi-

244 1696 303 1758 que
321 1673 474 1756 praedones
494 1673 631 1748 suerunt,
654 1676 760 1755 partim
784 1677 861 1756 capti
883 1677 930 1737 in-

241 1755 416 1837 ‚terfesiique
435 1754 499 1816 sunt
510 1776 521 1829 ;
542 1757 647 1837 partim
668 1757 749 1817 unius
769 1754 852 1835 hujus
871 1757 931 1815 im-

245 1839 330 1920 perio
362 1858 395 1896 ac
420 1834 555 1918 potestati
575 1835 604 1898 se
631 1837 814 1898 dediderunt.
842 1835 929 1898 Idem

236 1915 468 1992 Cretensibus,
495 1939 585 1998 quum
615 1917 653 1978 ad
685 1938 753 1979 eum
780 1917 868 1999 usque
899 1920 930 1981 in

244 1994 449 2078 Pamphyliam
467 1999 580 2079 legatos
596 1998 856 2080 deprecatoresque
874 2001 931 2058 rni-

245 2076 365 2154 siffent,
382 2077 463 2161 spem
479 2079 634 2139 deditionis
654 2099 713 2137 non
731 2079 840 2139 ademit
853 2123 863 2153 ,
874 2079 932 2139 ob-

238 2160 379 2299 sidesque
404 2162 569 2239 imperavit.
592 2157 637 2218 Ita
656 2176 768 2218 tantum
793 2160 933 2235 bellum,

239 2255 308 2316 'tam
343 2243 508 2314 intumum,
526 2259 585 2299 tam
597 2239 685 2320 Iongd
697 2238 811 2319 lateque
822 2239 934 2334 disper-

247 2322 330 2395 sum,
349 2341 409 2401 quo
422 2320 502 2389 bello
513 2340 617 2380 omnes
635 2336 737 2412 geptes
749 2340 783 2379 ac
800 2338 934 2381 nationes
1042 2383 1046 2389 ,

247 2402 475 2487 premebantur,
490 2399 549 2464 Cn.
559 2400 716 2480 Pompeius
728 2401 857 2460 extremi
868 2400 934 2461 hie-

240 2495 299 2546 'me
315 2483 464 2565 apparavit
479 2527 489 2554 ,
503 2484 622 2543 ineunte
633 2500 705 2543 vere
716 2479 855 2563 suscepit,
867 2501 935 2543 me-

248 2565 298 2627 dia
309 2563 406 2625 aestate
417 2562 553 2624 confecit.
854 2584 856 2587 ⁴

291 2644 396 2707 XIII.
425 2643 474 2715 Est
497 2642 675 2710 haecdivina
699 2660 786 2725 atque
805 2641 932 2706 incredi-

243 2724 316 2786 vbilis
329 2728 418 2786 virtus
426 2728 626 2807 imperatoris:
645 2723 715 2807 quid
725 2744 829 2786 ceterae
841 2770 851 2799 ,
862 2746 934 2807 quas

250 2806 935 2889 paulbantecommemorarecoepetam‚quan·
971 2864 973 2869 ,

252 2904 316 2959 tae,
338 2901 424 2965 atque
445 2886 651 2963 quimmultae
668 2886 730 2945 sunt
746 2886 757 2944 ἓ
776 2908 835 2946 non
855 2888 933 2950 enim

253 2966 346 3033 solirm
360 2964 486 3025 bellandi
499 2966 588 3024 virtus
605 2967 634 3022 in
644 2963 756 3024 summo
770 2982 856 3045 atque
866 2987 935 3047 per-

253 3046 333 3111 festo
347 3049 522 3129 imperatore
534 3044 688 3129 quaerenda
700 3043 761 3119 est;
775 3043 824 3107 sed
836 3047 935 3109 multe
