2550 4175
372 519 470 592 Puo
497 517 543 590 A.
569 518 794 592 Cnclun.
846 468 941 617 '409'

248 651 419 718 emptorem
445 635 641 698 demonstravi
669 634 770 710 fniffe,
796 635 934 695 mandatu

251 715 430 789 Caesenniae‚
448 715 530 778 suum
544 716 601 779 effe
618 761 627 791 ‚
649 716 735 808 seque
751 717 805 778 sibi
827 713 935 777 emisse.

252 797 336 877 Quid
348 798 408 857 ais?
424 794 504 858 Istius
517 799 565 860 ille
576 797 681 858 fundus
693 796 754 872 est,
770 819 857 878 quem
872 798 936 857 ¹sine

231 878 233 881 ’
249 879 308 939 ulla
324 882 523 940 controversia
544 879 783 960 quadriennium,
797 879 854 938 hoc
871 877 935 951 est,

251 980 288 1021 ex
306 979 365 1039 quo
381 978 517 1041 tempore
535 959 642 1018 fundus
656 961 767 1032 veniit,
781 957 878 1038 quoad
892 960 939 1019 vi·

250 1041 292 1099 uit
301 1084 311 1113 ,
320 1038 444 1120 possedit
453 1037 623 1101 Caesennia?
635 1037 709 1098 Usus
722 1040 819 1110 enin,
828 1040 939 1119 inquit,

252 1117 335 1200 ejus,
359 1121 392 1182 &
414 1121 520 1181 frutius
541 1121 645 1195 fundi,
664 1116 840 1181 testamento
861 1120 937 1194 viri,

250 1193 345 1261 fuerat
359 1199 529 1264 Caesenniae.
824 1220 844 1253 ·.

253 1328 258 1335 .
275 1306 278 1311 ·
295 1300 344 1342 20.
354 1280 457 1363 Quuni
465 1282 523 1345 huc
534 1301 623 1357 novae
629 1283 686 1343 litis
696 1301 787 1366 genus
799 1297 859 1343 tarn
873 1299 938 1342 rna·

251 1358 345 1422 litiost
352 1363 518 1425 intenderet
528 1407 538 1438 ‚
548 1363 655 1444 placuit
664 1361 806 1436 Caecinae,
818 1363 855 1424 de
864 1365 938 1422 arni·

252 1463 355 1503 toturn
376 1444 518 1504 sententia
542 1441 737 1517 constituere,
760 1463 820 1525 quo
840 1443 886 1502 die
905 1445 936 1502 in

251 1543 315 1582 rem
339 1523 511 1604 praesentem
530 1525 704 1597 veniretur,
724 1523 757 1584 &
783 1522 820 1583 de
842 1518 936 1584 fundo

251 1600 373 1662 Caecina
391 1605 520 1663 moribus
534 1602 736 1666 deduceretur.
748 1600 944 1684 Colloquun·

252 1698 318 1742 tur:
337 1683 398 1744 dies
418 1703 454 1744 ex
470 1682 614 1766 utriusque
630 1683 792 1745 commodo
809 1682 937 1743 sumitur.

252 1761 373 1825 -Caecina
390 1785 457 1823 cum
475 1767 573 1825 amicis
587 1763 625 1823 ad
637 1763 717 1825 diem
731 1764 815 1826 venit
830 1766 862 1824 in
880 1762 939 1826 cas·

252 1844 356 1904 telltun
378 1842 485 1906 Axiam
505 1865 515 1919 3
538 1865 575 1907 ex
634 1844 738 1906 oloco
762 1843 867 1906 fundus
887 1846 936 1921 is,

251 1924 293 1986 de
309 1946 368 2007 quo
386 1929 499 2010 agitur,
522 1948 583 1988 non
594 1866 688 2009 iingt
707 1923 796 1987 abest.
815 1924 860 1986 Ibi
873 1945 939 1993 cer,-

252 2009 312 2066 tior
329 2005 363 2067 tit
385 2031 403 2068 a
421 2007 570 2090 pluribus,
589 2008 724 2068 homines
767 2007 906 2069 ermultus
927 2052 937 2083 ,

253 2086 385 2161 liberos,
403 2106 491 2169 atque
504 2085 623 2163 servos,
638 2092 723 2169 cossgi
746 2086 937 2151 e&armaffe

220 2200 222 2204 v
255 2167 417 2228 AEbutium.
437 2169 540 2247 Quum
563 2167 594 2227 id
617 2170 724 2249 partim
746 2171 938 2244 mirarentur,

255 2250 361 2341 partim
377 2269 438 2307 non
449 2248 601 2309 crederent
616 2269 625 2321 ;
640 2267 711 2309 ecce
730 2247 789 2329 ipse
806 2249 939 2311 AEbutius

255 2349 286 2387 in
309 2328 454 2389 castellum
472 2331 553 2389 venit
570 2350 578 2388 ε
596 2328 746 2389 denuntiat
763 2327 889 2391 Caecinae
908 2329 938 2392 se

255 2426 383 2469 armatos
393 2408 518 2470 hahere:
535 2409 679 2469 abiturum
696 2429 765 2470 eunt
782 2429 844 2471 non
859 2407 940 2487 effe,

256 2492 281 2551 si
297 2488 465 2551 accessisset.
480 2488 606 2551 Caecinae
619 2490 750 2573 placuit,
770 2491 802 2551 &
818 2493 941 2568 amicis,

252 2571 356 2653 quoad
376 2572 524 2633 videretur
542 2570 622 2631 salvo
643 2573 737 2652 capite
760 2568 823 2631 fieri
837 2571 940 2653 poffe,

250 2654 392 2732 experiri.
411 2651 491 2713 Turn
509 2652 546 2712 de
566 2653 681 2715 castello
697 2651 893 2714 descendunt:
911 2656 942 2714 in

253 2731 379 2794 fundum
408 2732 625 2816 proficiscuntur
653 2755 661 2794 :
692 2733 807 2795 videtur
829 2736 941 2795 temeri

258 2810 439 2873 commissum
457 2837 465 2874 ε
487 2816 613 2887 verum,
630 2830 662 2874 ut
676 2818 804 2897 opinor,
821 2815 879 2876 hoc
890 2814 943 2875 fuit

256 2891 347 2951 causae
374 2913 382 2949 ι
405 2910 465 2954 tant
486 2896 598 2955 temeri
618 2893 701 2955 istum
723 2916 755 2955 re
780 2893 945 2955 commiffu-

259 2993 343 3065 runt,
358 2971 445 3053 quim
460 2976 558 3037 verbis
571 2975 773 3049 nuntiabatur,
785 2995 945 3061 nemopue

258 3068 341 3114 tavit.

304 3135 404 3195 Turnus
423 3131 442 3193 1
445 3137 480 3194 V.
761 3133 782 3198 S
