2550 4175
375 342 484 410 Pno
509 341 555 411 A.
586 344 819 414 Onerum
886 364 964 440 431·

276 474 330 517 nes
353 454 439 516 alieni
458 476 492 516 ac
513 461 685 519 mercenarii
706 477 714 518 t
734 474 833 521 tamen
856 457 889 519 dc
911 460 966 540 ipsi

277 554 335 597 ωε
353 534 467 597 familia
485 558 616 621 genere,
636 540 669 601 dc
690 544 810 601 nomine
830 542 967 601 contine·

276 617 395 680 buntur.

318 695 415 759 XXI.
434 695 528 783 Perge
545 700 636 781 porrb
653 699 712 759 hoc
728 699 808 760 idem
825 699 965 760 interdic·

276 795 341 841 cum
361 777 441 860 sequi
464 800 471 838 :
495 782 665 843 Hominibus
679 784 787 839 coactis.
806 777 964 842 Neminem

276 861 435 999 coi{eris;
461 860 517 943 ipsi
539 863 732 922 convenerint
760 859 809 919 sui
831 857 963 941 sponte:

277 957 340 1002 cert
367 941 446 1022 cogit
458 943 503 1017 is,
541 946 570 1003 ui
588 958 748 1025 congregat
763 941 917 1013 homines,
932 941 966 1001 δι

278 1037 427 1082 corwocat
445 1042 453 1081 ε
471 963 563 1084 cosidii
581 1022 708 1096 santii,
735 1024 785 1104 qui
807 1023 851 1081 ab:
866 1022 964 1102 aliquo

277 1100 343 1163 sunt
362 1123 450 1161 unum
466 1106 498 1164 in
521 1104 621 1166 locum
645 1104 825 1186 congregati.
844 1100 885 1163 si
902 1124 965 1163 non

278 1181 372 1244 modu
388 1188 544 1247 convocari
559 1208 622 1247 non
637 1183 721 1258 sunt,
734 1183 785 1245 sed
803 1203 841 1243 ne
854 1204 968 1245 conve·

278 1281 384 1326 uerunt
408 1265 529 1347 quidem
549 1285 561 1339 ;
585 1265 634 1328 sed
659 1268 679 1326 ii
702 1265 796 1326 modd
820 1262 966 1337 fuerunt,

320 1346 327 1359 ‘
343 1346 431 1406 etiam
447 1363 553 1419 auree,
573 1369 655 1420 non,
671 1349 717 1408 vis
735 1363 768 1406 nt
782 1343 887 1415 fieret,
904 1364 964 1403 ve·

279 1447 343 1486 rum
364 1425 506 1500 colendi,
525 1442 573 1486 aut
588 1427 721 1509 pascendi
737 1426 842 1497 causi,
863 1422 920 1485 elle
934 1425 964 1483 in

279 1528 352 1589 egro
378 1505 618 1583 consueverant3
646 1507 810 1581 defendes,
832 1506 967 1566 homines

280 1586 400 1648 cordos
419 1609 481 1648 non
496 1585 578 1648 fuisse
596 1607 604 1646 :
624 1586 659 1648 &
674 1588 769 1650 verbo
785 1588 905 1671 quidem
918 1583 967 1645 su-

280 1669 418 1751 perabis,
437 1689 486 1729 me
513 1668 575 1751 ipso
595 1665 694 1749 judice
709 1689 719 1742 ;
740 1689 772 1731 re
789 1687 910 1741 autem,
926 1686 965 1727 ne

281 1747 419 1810 consistes
438 1750 557 1846 quidem
579 1750 641 1811 ullo
660 1748 768 1831 judice.
791 1749 864 1811 Vim
886 1751 966 1810 enim

281 1830 470 1894 multitudinis
486 1830 593 1892 restitui
608 1831 787 1904 voluerunt,
797 1852 858 1890 non
871 1828 965 1891 solium

281 1928 455 1972 convocata
474 1910 664 1970 multitudinis
686 1932 693 1969 :
714 1909 767 1970 sed
777 1953 790 1980 ,
850 1910 877 1968 ia
899 1909 968 1987 ple·

281 2011 405 2073 rumque
417 2035 426 2064 ‚
437 1991 487 2051 ubi
505 1989 688 2050 multitudine
706 2008 781 2069 opus
797 2008 814 2047 e
850 1988 967 2061 ‚homi-

283 2094 336 2136 nes
351 2073 419 2154 cogi
431 2070 548 2144 solent,
568 2068 637 2130 ideo
656 2068 694 2130 de
710 2067 816 2129 condis
839 2088 969 2149 compo·

283 2158 371 2216 situm
380 2151 564 2214 interdietum
577 2149 635 2211 est:
650 2149 753 2231 quod,
770 2150 891 2210 etiarnsi
900 2168 970 2208 ver·

283 2238 326 2297 bo
336 2231 451 2295 differre
459 2233 624 2306 videbitur,
635 2252 667 2292 re
683 2248 782 2291 tamen
793 2231 848 2290 erit
858 2249 969 2303 unum,

284 2317 319 2379 ἃ
350 2314 485 2378 omnibus
513 2315 543 2374 in
569 2315 659 2375 causis
684 2312 764 2372 idem
786 2309 919 2383 valebit,
937 2311 968 2370 in

282 2399 387 2481 quibus
400 2396 569 2481 perspicitur
581 2416 638 2456 una
653 2441 663 2470 ‚
675 2411 762 2477 arque
774 2392 878 2454 eadem
888 2389 971 2452 causa

349 2497 434 2540 rtatrs.

283 2501 377 2619 aeqdu.
389 2559 555 2640 Armarisve.
567 2557 650 2639 Quid
660 2556 789 2618 dicemus
801 2555 967 2628 larmatos,

284 2641 311 2701 si
327 2638 430 2699 Latine
450 2641 531 2721 loqui
551 2640 708 2714 volumus,
730 2660 805 2721 quos
821 2636 970 2718 appellare

285 2721 359 2784 vere
378 2716 524 2801 poffumus
549 2721 684 2799 iopinor
711 2739 789 2792 eos,
849 2721 860 2775 i
886 2716 969 2775 scutis

286 2800 408 2883 telisque
428 2801 703 2879 parati,ornatique
721 2798 794 2858 sunt.
810 2739 895 2873 guid
914 2798 969 2878 igi·

287 2880 358 2946 tur?
375 2883 399 2942 si
416 2879 531 2962 glebis,
549 2894 598 2938 aut
614 2879 709 2950 saxis,
725 2893 774 2937 aut
786 2875 903 2938 fustibus
917 2877 972 2963 ali:-
