<?xml version="1.0" encoding="UTF-8"?>
<!DOCTYPE html PUBLIC "-//W3C//DTD XHTML 1.0 Transitional//EN"
    "http://www.w3.org/TR/xhtml1/DTD/xhtml1-transitional.dtd">
<html xmlns="http://www.w3.org/1999/xhtml" xml:lang="en" lang="en">
 <head>
  <title>
</title>
<meta http-equiv="Content-Type" content="text/html;charset=utf-8" />
  <meta name='ocr-system' content='tesseract 3.04.00' />
  <meta name='ocr-capabilities' content='ocr_page ocr_carea ocr_par ocr_line ocrx_word'/>
</head>
<body>
  <div class='ocr_page' id='page_1' title='image "./mtulliiciceroni05lallgoog_0269.png"; bbox 0 0 2550 4175; ppageno 0'>
   <div class='ocr_carea' id='block_1_1' title="bbox 395 371 978 466">
    <p class='ocr_par' dir='ltr' id='par_1_1' title="bbox 395 371 978 466">
     <span class='ocr_line' id='line_1_1' title="bbox 395 371 978 466; baseline 0.005 -22"><span class='ocrx_word' id='word_1_1' title='bbox 395 374 645 444; x_wconf 68' lang='lat' dir='ltr'>Aceronia</span> <span class='ocrx_word' id='word_1_2' title='bbox 669 372 716 442; x_wconf 81' lang='lat'>11.</span> <span class='ocrx_word' id='word_1_3' title='bbox 749 373 787 443; x_wconf 80' lang='lat' dir='ltr'>L</span> <span class='ocrx_word' id='word_1_4' title='bbox 824 375 864 444; x_wconf 89' lang='lat' dir='ltr'>V.</span> <span class='ocrx_word' id='word_1_5' title='bbox 904 371 978 466; x_wconf 84' lang='lat'>265</span> 
     </span>
    </p>
   </div>
   <div class='ocr_carea' id='block_1_2' title="bbox 295 485 983 1216">
    <p class='ocr_par' dir='ltr' id='par_1_2' title="bbox 296 485 983 958">
     <span class='ocr_line' id='line_1_2' title="bbox 296 485 981 567; baseline 0 -17"><span class='ocrx_word' id='word_1_6' title='bbox 296 487 433 556; x_wconf 76' lang='lat' dir='ltr'>uiderent</span> <span class='ocrx_word' id='word_1_7' title='bbox 444 486 480 548; x_wconf 70' lang='lat' dir='ltr'>ei</span> <span class='ocrx_word' id='word_1_8' title='bbox 491 485 626 549; x_wconf 77' lang='lat' dir='ltr'>facilitate</span> <span class='ocrx_word' id='word_1_9' title='bbox 639 504 795 567; x_wconf 83' lang='lat' dir='ltr'>praetorem</span> <span class='ocrx_word' id='word_1_10' title='bbox 808 504 859 562; x_wconf 88' lang='lat' dir='ltr'>‚ut</span> <span class='ocrx_word' id='word_1_11' title='bbox 869 488 907 549; x_wconf 89' lang='lat' dir='ltr'>ab</span> <span class='ocrx_word' id='word_1_12' title='bbox 920 509 981 562; x_wconf 89' lang='lat' dir='ltr'>eo,</span> 
     </span>
     <span class='ocr_line' id='line_1_3' title="bbox 297 565 980 648; baseline 0 -18"><span class='ocrx_word' id='word_1_13' title='bbox 297 568 410 630; x_wconf 82' lang='lat' dir='ltr'>sceleris</span> <span class='ocrx_word' id='word_1_14' title='bbox 430 565 692 648; x_wconf 72' lang='lat' dir='ltr'>coniurationisque</span> <span class='ocrx_word' id='word_1_15' title='bbox 713 569 915 630; x_wconf 86' lang='lat' dir='ltr'>damnatorum</span> <span class='ocrx_word' id='word_1_16' title='bbox 934 571 980 630; x_wconf 84' lang='lat' dir='ltr'>ui·</span> 
     </span>
     <span class='ocr_line' id='line_1_4' title="bbox 297 646 983 724; baseline 0.001 -14"><span class='ocrx_word' id='word_1_17' title='bbox 297 648 426 724; x_wconf 57' lang='lat' dir='ltr'>enneli</span> <span class='ocrx_word' id='word_1_18' title='bbox 448 646 480 709; x_wconf 90' lang='lat' dir='ltr'>so</span> <span class='ocrx_word' id='word_1_19' title='bbox 495 647 628 710; x_wconf 89' lang='lat' dir='ltr'>carnifice</span> <span class='ocrx_word' id='word_1_20' title='bbox 644 651 842 721; x_wconf 87' lang='lat' dir='ltr'>internuntio,</span> <span class='ocrx_word' id='word_1_21' title='bbox 855 649 983 711; x_wconf 88' lang='lat' dir='ltr'>redime·</span> 
     </span>
     <span class='ocr_line' id='line_1_5' title="bbox 296 727 980 809; baseline -0.001 -17"><span class='ocrx_word' id='word_1_22' title='bbox 296 729 397 798; x_wconf 79' lang='lat' dir='ltr'>tetur?</span> <span class='ocrx_word' id='word_1_23' title='bbox 442 728 492 788; x_wconf 89' lang='lat' dir='ltr'>uid</span> <span class='ocrx_word' id='word_1_24' title='bbox 507 737 517 782; x_wconf 70' lang='grc' dir='ltr'><strong><em>ἓ</em></strong></span> <span class='ocrx_word' id='word_1_25' title='bbox 535 730 641 789; x_wconf 83' lang='lat' dir='ltr'>hocin</span> <span class='ocrx_word' id='word_1_26' title='bbox 651 727 857 809; x_wconf 84' lang='lat' dir='ltr'>Apolloniensi</span> <span class='ocrx_word' id='word_1_27' title='bbox 866 727 980 791; x_wconf 80' lang='lat' dir='ltr'>Aristo·</span> 
     </span>
     <span class='ocr_line' id='line_1_6' title="bbox 297 806 980 889; baseline 0.007 -20"><span class='ocrx_word' id='word_1_28' title='bbox 297 810 385 876; x_wconf 84' lang='lat' dir='ltr'>danto</span> <span class='ocrx_word' id='word_1_29' title='bbox 396 809 408 869; x_wconf 76' lang='lat' dir='ltr'>i</span> <span class='ocrx_word' id='word_1_30' title='bbox 418 808 487 889; x_wconf 88' lang='lat' dir='ltr'>quid</span> <span class='ocrx_word' id='word_1_31' title='bbox 498 806 511 867; x_wconf 75' lang='grc' dir='ltr'><strong><em>ἓ</em></strong></span> <span class='ocrx_word' id='word_1_32' title='bbox 523 812 553 869; x_wconf 90' lang='lat' dir='ltr'>in</span> <span class='ocrx_word' id='word_1_33' title='bbox 565 808 697 871; x_wconf 80' lang='lat' dir='ltr'>Leonida</span> <span class='ocrx_word' id='word_1_34' title='bbox 709 808 903 872; x_wconf 72' lang='lat' dir='ltr'>Imacharensi</span> <span class='ocrx_word' id='word_1_35' title='bbox 917 831 980 874; x_wconf 87' lang='lat' dir='ltr'>uon</span> 
     </span>
     <span class='ocr_line' id='line_1_7' title="bbox 296 886 501 958; baseline -0.02 -6"><span class='ocrx_word' id='word_1_36' title='bbox 296 890 377 958; x_wconf 86' lang='lat' dir='ltr'>idem</span> <span class='ocrx_word' id='word_1_37' title='bbox 389 886 501 950; x_wconf 75' lang='lat' dir='ltr'>fecisti?</span> 
     </span>
    </p>

    <p class='ocr_par' dir='ltr' id='par_1_3' title="bbox 295 961 982 1216">
     <span class='ocr_line' id='line_1_8' title="bbox 338 961 981 1050; baseline 0.005 -20"><span class='ocrx_word' id='word_1_38' title='bbox 338 970 367 1030; x_wconf 96' lang='lat' dir='ltr'>V</span> <span class='ocrx_word' id='word_1_39' title='bbox 376 968 420 1031; x_wconf 89' lang='lat'>11.</span> <span class='ocrx_word' id='word_1_40' title='bbox 436 966 541 1050; x_wconf 79' lang='lat' dir='ltr'>Quid?</span> <span class='ocrx_word' id='word_1_41' title='bbox 557 961 608 1028; x_wconf 80' lang='lat' dir='ltr'>iste</span> <span class='ocrx_word' id='word_1_42' title='bbox 622 985 719 1031; x_wconf 88' lang='lat' dir='ltr'>motus</span> <span class='ocrx_word' id='word_1_43' title='bbox 731 965 901 1045; x_wconf 88' lang='lat' dir='ltr'>servorum,</span> <span class='ocrx_word' id='word_1_44' title='bbox 915 969 981 1034; x_wconf 87' lang='lat' dir='ltr'>bel·</span> 
     </span>
     <span class='ocr_line' id='line_1_9' title="bbox 295 1046 979 1129; baseline 0.006 -18"><span class='ocrx_word' id='word_1_45' title='bbox 295 1049 317 1118; x_wconf 84' lang='lat' dir='ltr'>ii</span> <span class='ocrx_word' id='word_1_46' title='bbox 338 1072 375 1114; x_wconf 89' lang='lat' dir='ltr'>ue</span> <span class='ocrx_word' id='word_1_47' title='bbox 393 1047 486 1110; x_wconf 85' lang='lat' dir='ltr'>subita</span> <span class='ocrx_word' id='word_1_48' title='bbox 502 1046 644 1129; x_wconf 83' lang='lat' dir='ltr'>suspicio,</span> <span class='ocrx_word' id='word_1_49' title='bbox 670 1052 765 1111; x_wconf 85' lang='lat' dir='ltr'>utritm</span> <span class='ocrx_word' id='word_1_50' title='bbox 788 1050 841 1112; x_wconf 89' lang='lat' dir='ltr'>tibi</span> <span class='ocrx_word' id='word_1_51' title='bbox 860 1052 979 1116; x_wconf 83' lang='lat' dir='ltr'>tandem</span> 
     </span>
     <span class='ocr_line' id='line_1_10' title="bbox 297 1072 982 1216; baseline 0.006 -24"><span class='ocrx_word' id='word_1_52' title='bbox 297 1072 473 1216; x_wconf 79' lang='lat' dir='ltr'>diiigentiam</span> <span class='ocrx_word' id='word_1_53' title='bbox 486 1128 680 1190; x_wconf 71' lang='lat' dir='ltr'>custodienda</span> <span class='ocrx_word' id='word_1_54' title='bbox 690 1132 867 1212; x_wconf 72' lang='lat' dir='ltr'>provincia,</span> <span class='ocrx_word' id='word_1_55' title='bbox 880 1155 917 1194; x_wconf 93' lang='lat' dir='ltr'>an</span> <span class='ocrx_word' id='word_1_56' title='bbox 929 1155 982 1196; x_wconf 91' lang='lat' dir='ltr'>no·</span> 
     </span>
    </p>
   </div>
   <div class='ocr_carea' id='block_1_3' title="bbox 296 1210 981 1755">
    <p class='ocr_par' dir='ltr' id='par_1_4' title="bbox 296 1210 981 1755">
     <span class='ocr_line' id='line_1_11' title="bbox 296 1210 981 1366; baseline -0.004 -9"><span class='ocrx_word' id='word_1_57' title='bbox 296 1233 365 1358; x_wconf 68' lang='lat' dir='ltr'>iii</span> <span class='ocrx_word' id='word_1_58' title='bbox 372 1211 752 1366; x_wconf 59' lang='lat' dir='ltr'>ffiissssiiriiitiiff‘l</span> <span class='ocrx_word' id='word_1_59' title='bbox 764 1210 981 1354; x_wconf 55' lang='lat' dir='ltr'>iiiiii?</span> 
     </span>
     <span class='ocr_line' id='line_1_12' title="bbox 297 1370 980 1454; baseline -0.003 -18"><span class='ocrx_word' id='word_1_60' title='bbox 297 1375 363 1446; x_wconf 84' lang='lat' dir='ltr'>nis,</span> <span class='ocrx_word' id='word_1_61' title='bbox 376 1374 408 1434; x_wconf 79' lang='grc' dir='ltr'>δι</span> <span class='ocrx_word' id='word_1_62' title='bbox 426 1370 560 1443; x_wconf 88' lang='lat' dir='ltr'>honesti,</span> <span class='ocrx_word' id='word_1_63' title='bbox 577 1391 689 1454; x_wconf 82' lang='lat' dir='ltr'>magnae</span> <span class='ocrx_word' id='word_1_64' title='bbox 705 1375 836 1452; x_wconf 74' lang='lat' dir='ltr'>pecuniae</span> <span class='ocrx_word' id='word_1_65' title='bbox 848 1372 980 1449; x_wconf 84' lang='lat' dir='ltr'><strong>villicus,</strong></span> 
     </span>
     <span class='ocr_line' id='line_1_13' title="bbox 296 1451 978 1535; baseline 0.001 -21"><span class='ocrx_word' id='word_1_66' title='bbox 296 1474 386 1535; x_wconf 86' lang='lat' dir='ltr'>quum</span> <span class='ocrx_word' id='word_1_67' title='bbox 402 1451 523 1533; x_wconf 88' lang='lat' dir='ltr'>impulsu</span> <span class='ocrx_word' id='word_1_68' title='bbox 541 1468 593 1512; x_wconf 91' lang='lat' dir='ltr'>tuo</span> <span class='ocrx_word' id='word_1_69' title='bbox 611 1452 789 1513; x_wconf 84' lang='lat' dir='ltr'>insimulatus</span> <span class='ocrx_word' id='word_1_70' title='bbox 806 1451 877 1514; x_wconf 81' lang='lat' dir='ltr'>effer</span> <span class='ocrx_word' id='word_1_71' title='bbox 886 1497 897 1525; x_wconf 91' lang='lat'>,</span> <span class='ocrx_word' id='word_1_72' title='bbox 914 1454 978 1516; x_wconf 61' lang='lat' dir='ltr'>lis</span> 
     </span>
     <span class='ocr_line' id='line_1_14' title="bbox 299 1531 980 1616; baseline 0.001 -22"><span class='ocrx_word' id='word_1_73' title='bbox 299 1546 380 1596; x_wconf 75' lang='lat' dir='ltr'>ux&#39;a</span> <span class='ocrx_word' id='word_1_74' title='bbox 401 1535 521 1596; x_wconf 90' lang='lat' dir='ltr'>domino</span> <span class='ocrx_word' id='word_1_75' title='bbox 540 1531 672 1614; x_wconf 79' lang='lat' dir='ltr'>accepisti</span> <span class='ocrx_word' id='word_1_76' title='bbox 689 1554 697 1592; x_wconf 76' lang='grc' dir='ltr'><strong><em>ε</em></strong></span> <span class='ocrx_word' id='word_1_77' title='bbox 716 1532 797 1614; x_wconf 90' lang='lat' dir='ltr'>quod</span> <span class='ocrx_word' id='word_1_78' title='bbox 812 1553 903 1615; x_wconf 86' lang='lat' dir='ltr'>nuper</span> <span class='ocrx_word' id='word_1_79' title='bbox 919 1533 980 1616; x_wconf 86' lang='lat' dir='ltr'>ipse</span> 
     </span>
     <span class='ocr_line' id='line_1_15' title="bbox 296 1611 979 1755; baseline 0 -81"><span class='ocrx_word' id='word_1_80' title='bbox 296 1611 405 1694; x_wconf 75' lang='lat' dir='ltr'>juratus</span> <span class='ocrx_word' id='word_1_81' title='bbox 433 1614 562 1686; x_wconf 91' lang='lat' dir='ltr'>docuit,</span> <span class='ocrx_word' id='word_1_82' title='bbox 588 1612 843 1755; x_wconf 46' lang='lat' dir='ltr'>{nemodmodum</span> <span class='ocrx_word' id='word_1_83' title='bbox 887 1616 979 1676; x_wconf 83' lang='lat' dir='ltr'>esturn</span> 
     </span>
    </p>
   </div>
   <div class='ocr_carea' id='block_1_4' title="bbox 236 1691 980 3044">
    <p class='ocr_par' dir='ltr' id='par_1_5' title="bbox 236 1691 980 2490">
     <span class='ocr_line' id='line_1_16' title="bbox 297 1691 980 1776; baseline 0 -19"><span class='ocrx_word' id='word_1_84' title='bbox 297 1692 377 1758; x_wconf 80' lang='lat' dir='ltr'>effer.</span> <span class='ocrx_word' id='word_1_85' title='bbox 401 1694 452 1756; x_wconf 80' lang='lat' dir='ltr'>Ab</span> <span class='ocrx_word' id='word_1_86' title='bbox 471 1696 569 1776; x_wconf 90' lang='lat' dir='ltr'>equite</span> <span class='ocrx_word' id='word_1_87' title='bbox 621 1716 752 1770; x_wconf 79' lang='lat' dir='ltr'>omme,</span> <span class='ocrx_word' id='word_1_88' title='bbox 775 1691 812 1756; x_wconf 89' lang='lat' dir='ltr'>C.</span> <span class='ocrx_word' id='word_1_89' title='bbox 874 1695 980 1758; x_wconf 80' lang='lat' dir='ltr'>attinio</span> 
     </span>
     <span class='ocr_line' id='line_1_17' title="bbox 297 1773 943 1857; baseline 0.002 -21"><span class='ocrx_word' id='word_1_90' title='bbox 297 1773 433 1851; x_wconf 76' lang='lat' dir='ltr'>absente,</span> <span class='ocrx_word' id='word_1_91' title='bbox 447 1797 536 1857; x_wconf 90' lang='lat' dir='ltr'>quum</span> <span class='ocrx_word' id='word_1_92' title='bbox 554 1777 577 1834; x_wconf 90' lang='lat' dir='ltr'>is</span> <span class='ocrx_word' id='word_1_93' title='bbox 597 1773 667 1840; x_wconf 82' lang='lat' dir='ltr'>effer</span> <span class='ocrx_word' id='word_1_94' title='bbox 677 1775 800 1849; x_wconf 80' lang='lat' dir='ltr'>Romae,</span> <span class='ocrx_word' id='word_1_95' title='bbox 839 1776 899 1837; x_wconf 76' lang='lat' dir='ltr'>uod</span> <span class='ocrx_word' id='word_1_96' title='bbox 916 1774 943 1853; x_wconf 74' lang='lat' dir='ltr'>ej</span> 
     </span>
     <span class='ocr_line' id='line_1_18' title="bbox 295 1796 978 1936; baseline 0 -18"><span class='ocrx_word' id='word_1_97' title='bbox 295 1857 428 1931; x_wconf 82' lang='lat' dir='ltr'>villicos,</span> <span class='ocrx_word' id='word_1_98' title='bbox 452 1853 583 1936; x_wconf 89' lang='lat' dir='ltr'>pastores</span> <span class='ocrx_word' id='word_1_99' title='bbox 618 1875 635 1915; x_wconf 92' lang='lat' dir='ltr'>e</span> <span class='ocrx_word' id='word_1_100' title='bbox 659 1856 712 1914; x_wconf 88' lang='lat' dir='ltr'>tihi</span> <span class='ocrx_word' id='word_1_101' title='bbox 733 1858 763 1914; x_wconf 91' lang='lat' dir='ltr'>in</span> <span class='ocrx_word' id='word_1_102' title='bbox 790 1796 838 1916; x_wconf 67' lang='lat' dir='ltr'>sui</span> <span class='ocrx_word' id='word_1_103' title='bbox 852 1859 978 1919; x_wconf 85' lang='lat' dir='ltr'>irionem</span> 
     </span>
     <span class='ocr_line' id='line_1_19' title="bbox 295 1932 977 2005; baseline -0.001 -6"><span class='ocrx_word' id='word_1_104' title='bbox 295 1936 404 1999; x_wconf 79' lang='lat' dir='ltr'>venisse</span> <span class='ocrx_word' id='word_1_105' title='bbox 432 1935 565 2005; x_wconf 84' lang='lat' dir='ltr'>dixeras,</span> <span class='ocrx_word' id='word_1_106' title='bbox 617 1932 655 1992; x_wconf 89' lang='lat' dir='ltr'>-S</span> <span class='ocrx_word' id='word_1_107' title='bbox 678 1950 794 1993; x_wconf 88' lang='lat' dir='ltr'>centum</span> <span class='ocrx_word' id='word_1_108' title='bbox 855 1933 977 1998; x_wconf 76' lang='lat' dir='ltr'>stulistiz</span> 
     </span>
     <span class='ocr_line' id='line_1_20' title="bbox 295 2011 980 2096; baseline -0.018 -19"><span class='ocrx_word' id='word_1_109' title='bbox 295 2016 368 2083; x_wconf 83' lang='lat' dir='ltr'>dixit</span> <span class='ocrx_word' id='word_1_110' title='bbox 387 2015 445 2075; x_wconf 92' lang='lat' dir='ltr'>hoc</span> <span class='ocrx_word' id='word_1_111' title='bbox 464 2014 499 2073; x_wconf 87' lang='lat' dir='ltr'>L.</span> <span class='ocrx_word' id='word_1_112' title='bbox 519 2013 654 2085; x_wconf 86' lang='lat' dir='ltr'>Flavius,</span> <span class='ocrx_word' id='word_1_113' title='bbox 671 2014 721 2092; x_wconf 90' lang='lat' dir='ltr'>qui</span> <span class='ocrx_word' id='word_1_114' title='bbox 736 2011 789 2070; x_wconf 89' lang='lat' dir='ltr'>tibi</span> <span class='ocrx_word' id='word_1_115' title='bbox 806 2032 871 2073; x_wconf 90' lang='lat' dir='ltr'>eam</span> <span class='ocrx_word' id='word_1_116' title='bbox 888 2035 980 2096; x_wconf 74' lang='lat' dir='ltr'>pecu.</span> 
     </span>
     <span class='ocr_line' id='line_1_21' title="bbox 295 2088 978 2173; baseline 0.001 -16"><span class='ocrx_word' id='word_1_117' title='bbox 295 2100 374 2163; x_wconf 86' lang='lat' dir='ltr'>niam</span> <span class='ocrx_word' id='word_1_118' title='bbox 386 2096 549 2156; x_wconf 86' lang='lat' dir='ltr'>numeravit</span> <span class='ocrx_word' id='word_1_119' title='bbox 563 2137 573 2165; x_wconf 90' lang='lat'>,</span> <span class='ocrx_word' id='word_1_120' title='bbox 585 2110 757 2173; x_wconf 83' lang='lat' dir='ltr'>procurator</span> <span class='ocrx_word' id='word_1_121' title='bbox 771 2088 811 2154; x_wconf 86' lang='lat' dir='ltr'>C.</span> <span class='ocrx_word' id='word_1_122' title='bbox 827 2093 978 2158; x_wconf 78' lang='lat' dir='ltr'>Matrinii:</span> 
     </span>
     <span class='ocr_line' id='line_1_22' title="bbox 236 2170 980 2257; baseline -0.001 -20"><span class='ocrx_word' id='word_1_123' title='bbox 236 2178 242 2187; x_wconf 94' lang='grc'><strong>’</strong></span> <span class='ocrx_word' id='word_1_124' title='bbox 294 2177 368 2245; x_wconf 87' lang='lat' dir='ltr'>dixit</span> <span class='ocrx_word' id='word_1_125' title='bbox 388 2174 447 2257; x_wconf 87' lang='lat' dir='ltr'>ipse</span> <span class='ocrx_word' id='word_1_126' title='bbox 469 2171 506 2236; x_wconf 89' lang='lat' dir='ltr'>C.</span> <span class='ocrx_word' id='word_1_127' title='bbox 529 2172 682 2234; x_wconf 85' lang='lat' dir='ltr'>Matrinius</span> <span class='ocrx_word' id='word_1_128' title='bbox 698 2193 707 2232; x_wconf 80' lang='lat' dir='ltr'>t</span> <span class='ocrx_word' id='word_1_129' title='bbox 723 2170 798 2233; x_wconf 92' lang='lat' dir='ltr'>dicet</span> <span class='ocrx_word' id='word_1_130' title='bbox 817 2173 863 2234; x_wconf 89' lang='lat' dir='ltr'>vir</span> <span class='ocrx_word' id='word_1_131' title='bbox 883 2174 980 2236; x_wconf 80' lang='lat' dir='ltr'>clarit·</span> 
     </span>
     <span class='ocr_line' id='line_1_23' title="bbox 294 2251 979 2334; baseline 0 -16"><span class='ocrx_word' id='word_1_132' title='bbox 294 2260 384 2327; x_wconf 71' lang='lat' dir='ltr'>timus</span> <span class='ocrx_word' id='word_1_133' title='bbox 405 2254 463 2318; x_wconf 88' lang='lat' dir='ltr'>Cn.</span> <span class='ocrx_word' id='word_1_134' title='bbox 482 2252 620 2315; x_wconf 87' lang='lat' dir='ltr'>Lentulus</span> <span class='ocrx_word' id='word_1_135' title='bbox 641 2251 766 2326; x_wconf 87' lang='lat' dir='ltr'>censor,</span> <span class='ocrx_word' id='word_1_136' title='bbox 782 2256 831 2334; x_wconf 88' lang='lat' dir='ltr'>qui</span> <span class='ocrx_word' id='word_1_137' title='bbox 850 2254 979 2319; x_wconf 86' lang='lat' dir='ltr'>Matrinii</span> 
     </span>
     <span class='ocr_line' id='line_1_24' title="bbox 294 2335 978 2417; baseline 0.001 -18"><span class='ocrx_word' id='word_1_138' title='bbox 294 2338 414 2401; x_wconf 89' lang='lat' dir='ltr'>honoris</span> <span class='ocrx_word' id='word_1_139' title='bbox 424 2335 530 2411; x_wconf 76' lang='lat' dir='ltr'>causa,</span> <span class='ocrx_word' id='word_1_140' title='bbox 544 2335 784 2417; x_wconf 83' lang='lat' dir='ltr'>recentinegotio</span> <span class='ocrx_word' id='word_1_141' title='bbox 800 2335 838 2395; x_wconf 90' lang='lat' dir='ltr'>ad</span> <span class='ocrx_word' id='word_1_142' title='bbox 854 2353 885 2397; x_wconf 89' lang='lat' dir='ltr'>te</span> <span class='ocrx_word' id='word_1_143' title='bbox 897 2336 978 2400; x_wconf 88' lang='lat' dir='ltr'>litte-</span> 
     </span>
     <span class='ocr_line' id='line_1_25' title="bbox 295 2413 818 2490; baseline -0.013 -9"><span class='ocrx_word' id='word_1_144' title='bbox 295 2439 340 2481; x_wconf 74' lang='lat' dir='ltr'>ras</span> <span class='ocrx_word' id='word_1_145' title='bbox 357 2419 454 2490; x_wconf 81' lang='lat' dir='ltr'>misit,</span> <span class='ocrx_word' id='word_1_146' title='bbox 470 2413 629 2476; x_wconf 86' lang='lat' dir='ltr'>mittendas</span> <span class='ocrx_word' id='word_1_147' title='bbox 663 2436 679 2475; x_wconf 94' lang='lat' dir='ltr'>e</span> <span class='ocrx_word' id='word_1_148' title='bbox 698 2416 818 2475; x_wconf 87' lang='lat' dir='ltr'>curavit.</span> 
     </span>
    </p>

    <p class='ocr_par' dir='ltr' id='par_1_6' title="bbox 294 2493 977 2977">
     <span class='ocr_line' id='line_1_26' title="bbox 339 2493 974 2577; baseline 0.003 -21"><span class='ocrx_word' id='word_1_149' title='bbox 339 2498 385 2559; x_wconf 84' lang='lat'>16.</span> <span class='ocrx_word' id='word_1_150' title='bbox 398 2495 596 2577; x_wconf 76' lang='lat' dir='ltr'>QuidideA</span> <span class='ocrx_word' id='word_1_151' title='bbox 620 2517 638 2554; x_wconf 94' lang='lat' dir='ltr'>o</span> <span class='ocrx_word' id='word_1_152' title='bbox 662 2497 755 2568; x_wconf 89' lang='lat' dir='ltr'>onio,</span> <span class='ocrx_word' id='word_1_153' title='bbox 773 2493 875 2556; x_wconf 91' lang='lat' dir='ltr'>Diocli</span> <span class='ocrx_word' id='word_1_154' title='bbox 890 2494 974 2574; x_wconf 79' lang='lat' dir='ltr'>filio,</span> 
     </span>
     <span class='ocr_line' id='line_1_27' title="bbox 295 2517 975 2659; baseline -0.003 -19"><span class='ocrx_word' id='word_1_155' title='bbox 295 2574 520 2651; x_wconf 81' lang='lat' dir='ltr'>Panormitano,</span> <span class='ocrx_word' id='word_1_156' title='bbox 530 2579 576 2637; x_wconf 90' lang='lat' dir='ltr'>cui</span> <span class='ocrx_word' id='word_1_157' title='bbox 590 2517 720 2637; x_wconf 62' lang='lat' dir='ltr'>demine</span> <span class='ocrx_word' id='word_1_158' title='bbox 732 2596 898 2659; x_wconf 87' lang='lat' dir='ltr'>cognomen</span> <span class='ocrx_word' id='word_1_159' title='bbox 913 2576 975 2652; x_wconf 84' lang='lat' dir='ltr'>est,</span> 
     </span>
     <span class='ocr_line' id='line_1_28' title="bbox 294 2654 975 2741; baseline 0.001 -22"><span class='ocrx_word' id='word_1_160' title='bbox 294 2660 432 2741; x_wconf 84' lang='lat' dir='ltr'>praeteriri</span> <span class='ocrx_word' id='word_1_161' title='bbox 448 2654 570 2740; x_wconf 70' lang='lat' dir='ltr'>potest?</span> <span class='ocrx_word' id='word_1_162' title='bbox 588 2655 692 2738; x_wconf 90' lang='lat' dir='ltr'>ecquid</span> <span class='ocrx_word' id='word_1_163' title='bbox 713 2657 768 2717; x_wconf 76' lang='lat' dir='ltr'>hoc</span> <span class='ocrx_word' id='word_1_164' title='bbox 792 2658 855 2718; x_wconf 72' lang='lat' dir='ltr'>tori</span> <span class='ocrx_word' id='word_1_165' title='bbox 880 2658 975 2720; x_wconf 79' lang='lat' dir='ltr'>Sicilii</span> 
     </span>
     <span class='ocr_line' id='line_1_29' title="bbox 297 2737 975 2820; baseline -0.009 -17"><span class='ocrx_word' id='word_1_166' title='bbox 297 2738 419 2803; x_wconf 71' lang='lat' dir='ltr'>clarius?</span> <span class='ocrx_word' id='word_1_167' title='bbox 440 2738 544 2820; x_wconf 87' lang='lat' dir='ltr'>ecquid</span> <span class='ocrx_word' id='word_1_168' title='bbox 563 2737 623 2797; x_wconf 92' lang='lat' dir='ltr'>indi</span> <span class='ocrx_word' id='word_1_169' title='bbox 645 2741 729 2809; x_wconf 90' lang='lat' dir='ltr'>nius,</span> <span class='ocrx_word' id='word_1_170' title='bbox 751 2737 855 2817; x_wconf 88' lang='lat' dir='ltr'>ecquid</span> <span class='ocrx_word' id='word_1_171' title='bbox 879 2742 975 2798; x_wconf 88' lang='lat' dir='ltr'>mani-</span> 
     </span>
     <span class='ocr_line' id='line_1_30' title="bbox 296 2759 975 2900; baseline -0.001 -21"><span class='ocrx_word' id='word_1_172' title='bbox 296 2814 389 2879; x_wconf 79' lang='lat' dir='ltr'>festius</span> <span class='ocrx_word' id='word_1_173' title='bbox 406 2817 530 2900; x_wconf 89' lang='lat' dir='ltr'>proferri</span> <span class='ocrx_word' id='word_1_174' title='bbox 545 2759 663 2899; x_wconf 56' lang='lat' dir='ltr'>porei?</span> <span class='ocrx_word' id='word_1_175' title='bbox 686 2836 773 2897; x_wconf 87' lang='lat' dir='ltr'>quem</span> <span class='ocrx_word' id='word_1_176' title='bbox 795 2819 839 2888; x_wconf 88' lang='lat' dir='ltr'>is,</span> <span class='ocrx_word' id='word_1_177' title='bbox 858 2821 899 2876; x_wconf 88' lang='lat' dir='ltr'>uti</span> <span class='ocrx_word' id='word_1_178' title='bbox 919 2818 975 2878; x_wconf 89' lang='lat' dir='ltr'>Pa-</span> 
     </span>
     <span class='ocr_line' id='line_1_31' title="bbox 296 2896 977 2977; baseline -0.003 -18"><span class='ocrx_word' id='word_1_179' title='bbox 296 2918 428 2977; x_wconf 80' lang='lat' dir='ltr'>normum</span> <span class='ocrx_word' id='word_1_180' title='bbox 441 2902 542 2971; x_wconf 84' lang='lat' dir='ltr'>venit,</span> <span class='ocrx_word' id='word_1_181' title='bbox 556 2897 594 2959; x_wconf 81' lang='lat' dir='ltr'>ad</span> <span class='ocrx_word' id='word_1_182' title='bbox 609 2896 637 2958; x_wconf 88' lang='lat' dir='ltr'>se</span> <span class='ocrx_word' id='word_1_183' title='bbox 653 2898 772 2969; x_wconf 86' lang='lat' dir='ltr'>vocari,</span> <span class='ocrx_word' id='word_1_184' title='bbox 788 2896 819 2958; x_wconf 90' lang='lat'>&amp;</span> <span class='ocrx_word' id='word_1_185' title='bbox 834 2896 871 2957; x_wconf 92' lang='lat' dir='ltr'>de</span> <span class='ocrx_word' id='word_1_186' title='bbox 884 2900 977 2973; x_wconf 65' lang='lat' dir='ltr'>tribu·¹</span> 
     </span>
    </p>

    <p class='ocr_par' dir='ltr' id='par_1_7' title="bbox 337 2977 852 3044">
     <span class='ocr_line' id='line_1_32' title="bbox 337 2977 852 3044; baseline -0.014 -2"><span class='ocrx_word' id='word_1_187' title='bbox 337 2980 436 3043; x_wconf 77' lang='lat' dir='ltr'>Turnus</span> <span class='ocrx_word' id='word_1_188' title='bbox 455 2980 473 3040; x_wconf 84' lang='grc' dir='ltr'><em>Ι</em></span> <span class='ocrx_word' id='word_1_189' title='bbox 478 2985 512 3044; x_wconf 86' lang='lat' dir='ltr'>V.</span> <span class='ocrx_word' id='word_1_190' title='bbox 817 2977 852 3035; x_wconf 89' lang='lat' dir='ltr'>M</span> 
     </span>
    </p>
   </div>
   <div class='ocr_carea' id='block_1_5' title="bbox 0 0 1281 4175">
    <p class='ocr_par' dir='ltr' id='par_1_8' title="bbox 0 0 1281 4175">
     <span class='ocr_line' id='line_1_33' title="bbox 0 0 1281 4175; baseline 0 0"><span class='ocrx_word' id='word_1_191' title='bbox 0 0 1281 4175; x_wconf 95' lang='lat' dir='ltr'> </span> 
     </span>
    </p>
   </div>
  </div>
 </body>
</html>
