2550 4175
276 411 356 495 ‘312
458 394 514 462 Iu
542 397 759 465 Vanum

277 527 347 569 anre
362 508 484 570 oculos:
505 508 563 568 hoc
582 510 669 569 etiam
684 503 778 587 majus
794 503 854 569 hoc
874 505 965 570 vider

276 589 363 649 batur
379 589 461 674 quod
480 591 510 649 in
528 588 598 650 odio
621 589 706 648 simili
723 586 881 665 multitudo
901 590 967 652 1ιο·

277 671 390 730 minum
401 671 463 731 haec
474 687 536 732 etat
552 667 686 730 maxima.
709 666 790 729 Tum
805 668 883 729 istius
900 669 967 731 adiu

276 751 581 812 commemorabatur:
596 766 660 811 tum
672 748 810 833 flagitiosa
823 749 872 810 illa
885 770 966 817 coo,-

277 832 383 894 vivia:
407 848 469 893 tum
495 831 716 915 appellabantur
736 853 754 891 a
777 830 966 893 multitudine

277 913 415 974 mulieres
432 913 604 975 nominarim
619 934 626 972 :
649 928 713 972 rum
726 912 909 993 querebatur
924 932 965 974 ex

277 992 340 1074 ipso
357 994 475 1075 palam,
490 1010 537 1053 tot
554 992 615 1053 dies
627 994 804 1065 continuos,
821 1012 877 1075 per
889 1012 966 1075 quos

277 1094 437 1154 numquam
457 1072 533 1134 visus
556 1070 625 1133 esset
644 1118 655 1147 ,
677 1072 727 1134 ubi
747 1072 871 1149 fuisset,
894 1071 967 1154 quid

278 1173 295 1214 e
316 1152 400 1214 isset?
414 1173 477 1215 tum
495 1156 655 1234 imperator
672 1154 710 1215 ab
725 1152 780 1215 isto
792 1156 966 1237 praepositus

308 1235 459 1295 leomenes
472 1229 676 1317 flagitabatur:
696 1254 793 1317 neque
805 1234 967 1317 quidquam

271 1317 399 1396 propius
408 1312 449 1376 est
459 1314 588 1388 fastum,
600 1315 688 1398 qudrn
696 1316 811 1378 utillud
824 1314 968 1377 Uticense

269 1396 448 1477 exemplum
466 1396 506 1458 de
516 1396 649 1458 Adriano
658 1396 861 1457 transferretur
874 1394 967 1477 Syra·

274 1475 380 1551 cusas,
403 1494 437 1537 ut
449 1476 510 1539 duo
523 1477 651 1558 sepulcra
666 1477 789 1537 duorum
805 1493 967 1557 praetorum
997 1489 999 1495 ’

273 1557 967 1640 improborum‚duabusqueinproviuciiscom

277 1635 479 1699 stitueremur:
493 1641 597 1701 verum
616 1639 715 1698 habita
734 1636 776 1697 est
798 1658 815 1695 a
835 1635 967 1697 multitu·

275 1716 346 1777 dine
364 1721 438 1777 ratio
453 1722 594 1800 temporis
606 1762 618 1789 ‚
630 1718 729 1778 habita
746 1715 788 1776 est
805 1715 967 1791 tumultds‚'

274 1795 375 1857 habita
395 1800 483 1857 etiarn
502 1799 648 1895 dignitatis
660 1841 673 1868 ,
693 1794 968 1879 existimationisque

273 1878 469 1952 eommunis,
534 1876 611 1937 odis
631 1874 676 1938 est
693 1895 857 1950 conventus
875 1876 967 1959 Syra-

274 1961 350 2021 cusis
368 1959 476 2021 civium
522 1978 719 2030 omanorum,
740 1974 851 2017 utnon
872 1958 970 2019 modo

274 2039 325 2104 illd
342 2038 513 2124 provincii,
529 2042 633 2103 verum
647 2042 737 2102 etiam
750 2039 805 2101 hac
816 2038 969 2120 republica

275 2120 466 2207 dignissimus
477 2120 664 2195 existimetur.

317 2221 367 2285 95.
390 2199 576 2264 Confirmant
591 2204 646 2285 ipsi
663 2200 713 2278 se,
727 2221 817 2284 quum
834 2203 858 2260 is
877 2204 968 2263 etiam

275 2299 339 2346 tum
357 2282 535 2344 semisomnis
554 2285 706 2364 stuperet:
726 2304 805 2342 arma
825 2285 967 2360 capiunt:

275 2379 371 2425 totum
384 2362 483 2424 forum
493 2379 579 2444 atque
592 2363 712 2423 insulam
722 2405 732 2435 ,
742 2381 811 2442 ,quae
828 2359 869 2418 est
888 2363 968 2422 urbis

276 2463 324 2505 ma
366 2464 480 2525 aspare,
492 2443 652 2523 complent.
673 2441 773 2500 Unam
783 2437 862 2498 illam
871 2438 967 2503 solam

274 2542 316 2584 no
345 2543 394 2584 em
407 2521 561 2604 praedones
579 2522 616 2581 ad
626 2520 748 2581 Elorum
765 2524 966 2596 commorati,

274 2623 366 2683 quum
384 2601 531 2662 fumantes
549 2602 635 2661 etiam
654 2597 764 2660 nostras
784 2621 876 2661 naves
898 2603 967 2662 reli-

298 2678 400 2744 uisserrt
412 2727 422 2756 ,
440 2679 580 2742 accedere
598 2682 739 2763 incipiunt
751 2682 788 2742 ad
800 2680 967 2763 Syracusas.

275 2703 340 2844 ὃιιὶ
368 2764 506 2826 videlicet
526 2760 561 2823 sae
583 2782 600 2823 e
620 2761 758 2824 audissent
776 2810 788 2837 ,
811 2763 882 2824 nihil
907 2762 965 2825 effe

275 2845 440 2926 puiohrius‚
458 2844 516 2928 qud
562 2785 767 2927 dyracusarum
782 2848 910 2920 moenia,
931 2865 965 2904 ac

201 2990 203 2994 ,
276 2942 402 3011 porrus,
415 2925 487 2992 statu
521 2943 592 3007 aur²
603 2925 683 3006 sese,
697 2929 727 2992 si
734 2947 769 2993 ea
782 2926 878 2993 Verre
890 2946 968 3008 prae·

382 3018 390 3031 ’·
895 3023 966 3070 tore
