2550 4175
261 393 337 465 260
424 392 485 459 ΙΝ
531 396 772 459 VERREM

262 506 397 570 dicatur?
416 528 454 566 an
468 504 546 587 quiid
562 507 590 563 in
604 504 699 565 Sicilia
714 502 774 583 jam
791 503 858 565 anti
868 503 944 565 bella

262 584 449 667 fugitivorum
462 586 578 647 suerum
592 584 658 645 iAt
670 604 706 645 ea
719 584 782 666 ipsa'
790 606 874 645 causa
883 584 946 655 est,

264 688 315 732 cur
326 664 385 747 ipsa
401 668 551 748 provincia
563 668 685 726 minimo
698 666 737 724 in·
747 664 876 746 periculo
887 667 923 724 sit
936 708 947 739 ,
996 717 999 722 .

266 747 299 808 &
309 744 404 807 fueiit.
415 746 493 807 Nam
502 744 690 830 posteaquam
698 746 776 805 illinc
790 744 843 807 Μ’.
855 744 949 826 Aqui·

266 826 320 886 lius
349 826 503 901 decessit,
531 829 662 887 omnium
688 824 836 900 instituta,
862 845 949 907 atque

269 904 363 968 edilia
377 926 534 990 praetorum
549 906 665 967 fuerunt
682 905 824 984 ejusmodi
838 950 849 977 ,
863 925 895 966 ut
911 927 949 965 ne

291 988 333 1047 uis
350 1008 421 1047 cum·
428 988 490 1049 telo
506 987 602 1048 servus
617 984 695 1046 ellet.
709 986 805 1047 Vetus
819 984 950 1068 estquod

270 1008 391 1141 licam,
417 1068 450 1127 &
491 1084 591 1148 ropter
613 1066 796 1126 severitatem
825 1067 952 1147 exempli

269 1148 380 1208 nemini
388 1090 503 1208 forcalle
512 1146 638 1209 vestrim
651 1147 808 1206 inauditum
819 1168 829 1205 ε·
838 1146 873 1206 L.
884 1146 953 1206 Do·

271 1229 386 1288 mitium
405 1245 561 1308 praetorem
582 1230 611 1287 in
635 1226 753 1303 Sicilia,
767 1247 862 1309 quum
885 1247 955 1308 aper

273 1308 376 1388 ingens
397 1308 435 1368 ad
457 1328 525 1369 eum
542 1308 643 1367 allatus
669 1305 764 1381 ellet,
783 1308 955 1367 admiratum

275 1386 443 1467 reqsiisille,
463 1392 526 1471 quis
550 1409 617 1450 eum
641 1386 820 1477 percussiilet
841 1409 957 1469 :quum

275 1466 421 1544 audiiset,
442 1468 588 1550 pastorem
608 1469 755 1549 culusdam
773 1466 853 1530 fuiffe
866 1514 874 1542 ,
889 1490 958 1529 eum

277 1546 314 1607 ad
342 1546 372 1609 se
396 1552 494 1610 vocari
518 1547 625 1631 jussisse
652 1570 659 1607 τ
684 1550 765 1609 illum
790 1548 895 1635 cupide
915 1548 963 1625 eil

277 1644 433 1711 praetorem·
441 1672 451 1702 ,
460 1633 541 1709 quasi
549 1630 587 1687 ad
597 1628 713 1687 laudem
723 1671 733 1699 ,
743 1643 830 1707 atque
840 1628 876 1687 ad
886 1620 960 1708 pr‘ae-

273 1710 372 1768 mium·
384 1706 529 1769 accurrisse
542 1728 550 1766 z
563 1704 689 1788 quaesille
705 1705 871 1768 Domitium
884 1752 894 1779 ,
909 1710 960 1787 qui

277 1805 396 1851 tantam.
405 1785 525 1848 bestiam
538 1783 717 1869 percussisset
733 1786 831 1847 :illum
840 1786 962 1867 respon·

279 1865 372 1941 diffe,
388 1868 555 1930 venabulo:
568 1866 662 1928 statim
677 1866 784 1928 deinde
801 1865 872 1943 iullu
887 1890 963 1949 prae-

268 1949 352 2012 -ton's
362 1950 394 2009 in
408 1968 524 2018 crucem
539 1946 595 2012 esse
611 1948 766 2009 sublatum,
778 1946 896 2009 Durum
907 1950 962 2007 hoc

271 2026 398 2103 -fomffe
413 2029 564 2095 videatur:
578 2050 676 2115 neque
686 2049 744 2113 ego
761 2029 850 2092 ullam
861 2033 965 2111 inpar·

282 2128 347 2173 tem·
366 2112 500 2194 disputo:
521 2116 633 2175 tantinn
652 2112 814 2193 intelligo,
839 2109 965 2173 maluisse

285 2190 452 2255 Domitium
467 2193 614 2254 crudelem
637 2194 668 2252 in
686 2190 965 2260 animadvertendo,

285 2271 413 2354 qulmin
446 2272 675 2334 raetermittendo
690 2269 851 2330 dillolutum
861 2269 966 2329 videri.

284 2403 292 2413 .
328 2351 390 2413 IV.
434 2373 487 2434 rgo
503 2353 546 2412 his
562 2351 692 2412 institutis
711 2351 891 2430 provinciae,
907 2346 967 2426 jam

285 2446 372 2509 pum,
389 2453 479 2514 quum
495 2432 576 2495 bello
598 2431 784 2511 fugitivorum
804 2445 868 2491 tosa
886 2427 968 2489 ltalia

286 2511 402 2589 ¹arderet
413 2557 424 2583 ‚
436 2512 528 2572 homo
541 2533 602 2579 non
615 2510 789 2581 acerrimis,
804 2529 858 2568 nec
868 2509 969 2569 ¹fortis-

188 2616 191 2623 ·
287 2590 378 2667 pimus
395 2589 433 2652 C.
449 2590 627 2663 Norbanus,-
646 2592 676 2649 in
691 2587 803 2649 suanno
823 2590 968 2650 otio'fuit:

291 2670 426 2751 perfacile
453 2674 531 2731 enim
558 2669 617 2730 sese
639 2667 732 2729 Sicilia
758 2668 912 2745 tuebatur,
933 2691 971 2731 ne

291 2751 372 2831 quod
384 2753 414 2811 in
430 2751 489 2834 ipsa
501 2750 609 2812 bellum
628 2747 721 2830 pollet
740 2749 894 2812 exsistere:
912 2768 974 2811 ete·

292 2832 353 2893 nim
364 2854 453 2915 quum
466 2833 536 2895 nihil
547 2848 607 2893 tam
615 2828 801 2910 conjunRum
815 2835 871 2903 sit,
885 2830 973 2912 quim

281 2916 493 3002 *negotiatores
511 2911 600 2981 nollii
616 2933 684 2979 cum
696 2911 819 2988 Siculis,
836 2911 905 2984 usu,
918 2931 972 2985 te,
