2550 4175
396 370 570 466 PnoA.
598 368 825 439 CncrrrA.
898 388 982 461 411·

293 486 401 550 labella
419 500 527 567 pcaetm
544 483 710 558 interdixit,
726 497 758 545 ut
771 481 813 546 est
830 483 982 548 consuetu·

296 569 361 644 do,
383 570 431 628 De
450 567 481 628 sd
504 565 659 625 hominibus
678 568 815 639 armaris,
844 567 905 630 sine
922 567 981 630 ulla

295 649 492 730 exceptione,
510 661 621 706 tantum
636 661 688 717 ,ut
702 645 801 719 ,unde
816 644 980 725 dejeciiiet‚

294 727 467 791 restituerer.
495 724 658 787 Restituiffe
681 725 710 786 se
736 726 805 786 dixit
829 747 836 785 :
860 727 979 808 sponsio

295 807 420 872 fabiaest
436 807 510 870 :bac
527 807 564 869 de
580 807 736 890 sponsione
752 807 838 869 vobis
850 806 982 889 judican-

296 892 368 953 dum
385 886 437 951 est.

338 968 400 1031 lx.
419 966 548 1031 Maxime
569 968 623 1030 fuit
644 968 807 1051 optandum
829 966 983 1045 Caecinae,

297 1052 555 1132 Recuperatores,
573 1071 605 1111 ut
616 1053 825 1112 controversia:
841 1051 910 1112 nihil
929 1052 984 1114 ha·

297 1134 383 1195 beret
398 1153 406 1193 :
424 1129 554 1193 secundo
568 1131 657 1205 loco,
673 1150 703 1192 ut
722 1153 759 1193 ne
773 1153 840 1193 cnm
853 1152 914 1194 tam
927 1135 983 1194 im·

321 1214 396 1276 robo
412 1212 533 1274 homine
552 1232 559 1271 :
574 1215 685 1288 tertio,
698 1229 728 1271 ut
745 1233 811 1272 cum
824 1230 883 1273 tarn
896 1212 983 1276 stulto

298 1237 449 1358 baberet:
465 1293 575 1356 etenim
598 1314 660 1353 non
684 1294 779 1353 minits
797 1314 852 1353 nos
871 1291 987 1357 stultitia

298 1376 372 1438 illius
398 1374 555 1448 sublevat,
578 1372 667 1454 quim
686 1372 765 1433 ladit
790 1374 984 1454 improbitas:
1070 1377 1073 1384 ’

299 1457 450 1540 improbus
467 1454 541 1528 fuit,
559 1453 640 1536 quod
652 1454 787 1516 homines
803 1457 921 1537 coegit,
941 1477 989 1515 ar-

300 1541 393 1601 mavit
413 1559 420 1597 :
443 1534 573 1609 condis,
598 1532 769 1616 armatisque
797 1537 858 1595 vim
886 1534 986 1599 fecit:

301 1621 374 1682 laesir
391 1619 420 1678 in
438 1638 475 1679 eo
491 1615 640 1678 Caecinam
655 1614 837 1679 :sublevavit
852 1616 987 1679 ibidem:

302 1700 418 1762 namin
436 1719 485 1762 eas
505 1695 579 1779 ipsas
598 1719 666 1773 res,
685 1719 757 1781 quas
774 1697 989 1780 improbissime

302 1781 393 1852 fecit,
408 1781 572 1842 testimonia
588 1778 732 1863 sumpsit,
748 1780 781 1842 δι
798 1783 840 1843 eis
857 1781 887 1841 in
907 1778 989 1844 causa

302 1860 472 1922 testimoniis
491 1861 589 1918 utitur.

347 1958 397 2013 24.
411 1937 515 2020 Itaque
532 1938 601 1997 mihi
616 1954 727 2000 certum
740 1936 801 2011 est,
819 1937 990 2019 Recupera-

305 2036 409 2091 tores,
426 2037 582 2158 anteppuam
595 2016 633 2077 ad
650 2039 747 2079 meam
765 2016 990 2096 defensionem,

304 2099 444 2183 meosque
465 2117 494 2160 te
519 2119 551 2158 es
573 2100 689 2174 venio,
712 2098 787 2160 illius
810 2100 853 2160 uri
869 2100 990 2163 confes-

306 2185 390 2246 sione
422 2181 455 2244 &
480 2177 660 2242 testimoniis.
689 2179 774 2261 Quid
807 2178 991 2257 confitetur,

307 2281 394 2346 atque
414 2264 454 2324 ita
471 2262 594 2323 libenter
613 2259 788 2336 confitetur,
808 2283 840 2322 ur
859 2285 920 2324 non
940 2261 992 2326 so-

307 2348 368 2413 lirm
384 2344 491 2418 fareri,
510 2343 560 2404 sed
576 2345 662 2405 etiam
682 2341 815 2426 profiteri¹
833 2344 994 2418 videatur,

307 2427 560 2510 Recuperatores?
573 2422 752 2489 Convocavi
761 2425 894 2491 homines
905 2448 912 2486 :
924 2431 996 2489 coe-

310 2512 339 2592 gi
359 2509 490 2570 :armavi
506 2529 514 2568 :
532 2524 645 2568 terrore
663 2508 786 2581 mortis,
807 2529 841 2569 ac
862 2508 994 2590 periculo

310 2590 431 2668 capitis,
449 2608 487 2650 ne
508 2589 685 2664 accederes,
700 2588 797 2654 obstiti
814 2610 822 2650 :
834 2588 933 2665 ferro,
947 2592 995 2653 in·

312 2671 397 2749 quit,
415 2669 494 2731 ferro
512 2715 522 2744 ,
544 2670 576 2731 &
594 2671 652 2730 hoc
676 2669 744 2732 dicit
761 2674 791 2732 in
810 2670 946 2750 judicio,
964 2692 996 2734 te

312 2746 426 2826 rejeci,
443 2766 529 2831 atque
547 2754 698 2830 pertenui.
709 2750 909 2829 Quiditesses·
925 2753 998 2834 quid

313 2829 416 2889 aiunt?
436 2827 468 2889 P.
493 2828 642 2899 Vetilius,
661 2851 715 2909 pro
737 2832 839 2910 inquus
859 2831 997 2906 AEbutii,

312 2910 344 2976 se
364 2909 487 2974 Ebutio
506 2930 575 2972 cum
587 2911 704 2973 armetis
716 2852 806 2976 fervis
819 2911 929 3055 {⁶:¹³st
945 2911 999 2975 ad·

855 3014 876 3074 ¹1
