2550 4175
371 394 628 464 Acrrorrrs
653 394 701 464 ll.
732 394 782 465 L.·
806 397 847 465 V.
902 405 981 489 '317

296 527 374 589 opus
397 506 505 583 estet,
535 510 588 570 hac
616 509 753 572 videlicet
781 508 980 573 testificatione

295 605 439 650 uteretur.
581 653 585 670 .

351 687 419 748 103.
448 666 590 730 Derisum‘·
605 670 705 731 'credo
739 669 795 732 ell'e
829 672 982 732 hominem

288 766 447 810 ‚amentem
469 771 487 808 a
507 747 773 823 suircjonsiliariis,
794 752 826 811 &
843 752 982 811 admoni-

295 846 381 903 tum,
400 828 483 891 hasce
508 830 537 889 ei
565 830 677 891 tabulas
700 831 771 891 nihil
794 831 979 913 profuturas:

297 911 387 971 etiam
412 910 478 991 plus
503 929 540 970 ex
566 912 655 970 nimia
681 914 810 992 praetoris
832 912 980 993 diligentia

295 983 462 1071 suspicionis
473 990 549 1051 ineo
564 992 683 1051 crimine
698 992 836 1053 fututum.
850 992 915 1051 Jam
928 989 981 1051 iste

297 1087 359 1132 erat
376 1071 431 1131 hac
447 1068 562 1130 stultitia
582 1073 678 1132 multis
695 1075 724 1133 in
748 1074 833 1133 rebus
844 1071 932 1143 usus,
947 1088 980 1131 ut

318 1151 412 1211 ublice
422 1171 562 1232 quoque,
612 1175 637 1211 ae
647 1149 747 1215 'bellet
758 1197 768 1226 ,
781 1154 810 1211 in
831 1154 979 1212 civitatum

287 1173 398 1293 ‚iitteris
418 1232 451 1292 &
474 1231 559 1301 tolli,
638 1231 739 1291 referri
762 1229 899 1310 juberet:
955 1254 980 1292 ae
1010 1247 1014 1254 ’

296 1313 397 1372 omnia
418 1333 495 1373 nunc
518 1312 651 1392 intelligit
669 1312 723 1370 sibi
740 1311 808 1370 nihil
825 1312 917 1390 prode
941 1332 980 1384 e,

296 1389 485 1474 posteaquam
497 1394 580 1451 certis
593 1392 693 1450 litteris
704 1389 841 1465 ‚testibus
854 1436 864 1465 ,
877 1392 981 1452 auclo-

295 1473 431 1533 ritatibus
445 1493 482 1534 ue
497 1472 690 1531 convincitur.

336 1552 411 1612 XL.
463 1554 491 1612 bi
508 1553 565 1611 hoc
581 1552 684 1623 videt,
702 1548 813 1611 tabulas
827 1550 880 1611 sibi
898 1551 980 1612 nullo

296 1630 468 1713 adjumento
489 1632 621 1692 futuras:
643 1633 695 1691 init
719 1632 893 1704 consilium,
918 1652 980 1692 non

294 1714 424 1794 improbi
445 1715 575 1793 ptaetoris
596 1710 693 1792 (nam
714 1714 744 1772 id
768 1712 886 1795 ¹quidem
907 1710 979 1773 effet

295 1791 478 1936 ferendump
494 1792 544 1852 secl
561 1795 738 1873 importuni,
757 1810 844 1873 atque
857 1796 980 1853 amentis

294 1875 413 1953 tyranni
429 1894 437 1931 :
473 1875 569 1947 aruit,
587 1876 610 1933 si
623 1873 680 1932 boc
694 1876 804 1933 crimen
823 1889 979 1935 extenuate

294 1953 386 2016 vellet
400 1959 415 2029 (
427 1974 495 2012 nam
511 1956 631 2014 omnino
650 1953 713 2014 tolli
727 1950 808 2034 polle
826 1974 886 2012 non
903 1954 981 2013 arbi·

295 2034 446 2108 trabatur)
458 2034 619 2095 nauarchos
633 2053 737 2095 omnes
748 2079 759 2106 ,
769 2030 855 2093 testes
864 2032 903 2092 sui
920 2032 981 2094 sce·

294 2113 382 2190 letis,
398 2115 459 2174 viti
477 2113 533 2176 elle
551 2115 720 2196 privandos.
737 2114 920 2176 Occurrebat
931 2115 980 2174 illa

295 2199 386 2256 ratio:
399 2194 482 2275 Quid
492 2193 658 2256 Cleomene
668 2195 719 2256 fiet
734 2194 744 2254 ἓ
760 2213 905 2276 poterone
916 2197 981 2255 ani-

295 2277 480 2337 madvertere
496 2279 526 2335 in
544 2297 619 2350 eos,
637 2296 711 2356 quos
731 2277 807 2339 dicio
829 2276 980 2336 audientes

296 2354 353 2417 elle
372 2353 441 2436 jussi
457 2355 591 2430 ;miffum
607 2355 705 2417 facere
724 2377 812 2430 eum,
826 2359 871 2416 cui
887 2359 981 2438 impe-

295 2439 370 2496 rium
383 2435 647 2574 ,stpotestatemque
674 2441 812 2517 permisi?
834 2456 979 2517 poterone

296 2536 350 2575 eos
376 2539 392 2574 a
425 2537 492 2577 cete
521 2515 687 2596 supplicio,
710 2520 758 2597 qui
784 2516 980 2579 Cleomenem

295 2593 386 2654 secuti
401 2594 484 2669 sunt3
507 2599 516 2657 i
539 2596 657 2657 noscere
678 2595 853 2670 Cleomeni,
872 2602 920 2679 qui
934 2600 981 2658 se·

297 2695 363 2733 cum
380 2673 501 2755 fugere,
566 2677 593 2738 se
611 2675 748 2758 consequi
763 2677 845 2757 jussit
860 2683 876 2729 ?·
890 2697 980 2758 pote-

296 2774 371 2816 rone
391 2756 420 2812 in
450 2774 502 2816 eos
528 2755 584 2818 effe
607 2757 792 2829 vehemens,
819 2757 867 2836 qui
887 2781 977 2819 naves

295 2838 396 2896 inanes
415 2855 474 2894 non
496 2838 587 2897 modb
606 2837 792 2909 habuerunt,
817 2836 865 2896 sed
890 2843 978 2899 etiam

296 2931 410 2998 apertas
428 2935 439 2988 3
458 2917 488 2976 in
508 2935 575 3005 eum
591 2915 760 2991 difformis,
775 2920 823 2997 qui
843 2916 917 3006 solus
930 2921 981 2979 ha·

780 2996 811 3058 ()
832 2999 860 3077 ii]
