2550 4175
277 753 300 823 8
449 749 511 817 ΙΝ
547 752 584 815 V
590 765 616 815 u
629 764 655 815 u
670 765 696 814 n
712 764 736 816 ε
750 763 787 817 ru

277 884 346 1007 eng
361 861 467 945 Quid?
485 863 543 924 hoc
560 864 694 943 cuiquam
709 859 862 923 ferendum
876 875 965 941 putas

376 966 431 1005 nos
446 947 486 1005 ita
499 947 602 1006 vivere
618 947 649 1003 in
669 943 791 1024 pecunia
806 942 888 1003 tenui
903 984 914 1016 ,
931 958 965 1001 ut

276 1024 392 1107 prorsus
409 1024 479 1085 nihil
492 1027 639 1107 acquirere
655 1024 798 1085 velimus:
814 1038 846 1080 ut
866 1021 965 1103 digni-

275 1121 369 1167 tatem
384 1104 532 1180 nostram,
547 1106 707 1187 populique
724 1102 851 1165 Romani
865 1101 965 1163 bene·

277 1182 344 1246 ficia
358 1209 419 1247 non
439 1189 551 1272 cqriir,
567 1183 619 1245 sed
632 1187 741 1246 virtute
758 1200 911 1244 tueamur:
928 1182 966 1242 is·

277 1282 341 1328 tum
359 1268 446 1329 rebus
466 1267 603 1328 omnibus
620 1264 748 1346 undique
767 1265 894 1345 erePtis,
908 1265 966 1323 im·

277 1348 358 1429 pund
394 1347 593 1418 eludentem,
622 1346 849 1419 circumfluere,
875 1359 965 1425 atque

278 1427 450 1489 abundare?
465 1426 549 1507 hujus
566 1449 597 1488 ar
618 1444 688 1487 ento
709 1426 816 1488 domos
833 1421 963 1497 vestras,

277 1506 365 1588 hujus
382 1510 468 1591 signis
482 1508 515 1569 &
529 1447 632 1568 tabubs
644 1506 741 1568 fotum
756 1506 965 1585 comitiumque

275 1588 399 1666 ,omarii
418 1588 575 1670 praesertim
593 1608 682 1669 quum
696 1609 752 1649 vos
768 1584 867 1647 vestro
881 1584 966 1647 Mar·

280 1686 312 1730 te
330 1669 374 1729 his
396 1670 482 1731 rebus
496 1668 631 1731 omnibus
645 1667 818 1728 abundetis?
837 1664 967 1728 Verrem

282 1748 339 1810 effe
350 1794 361 1823 ,
377 1752 425 1831 qui
437 1748 547 1812 vestras
555 1748 638 1811 villas
646 1746 700 1808 suis
709 1747 850 1809 manubiis
859 1752 967 1807 ornet?

282 1828 409 1892 Verrem
428 1827 508 1905 effe,
528 1833 577 1913 qui
595 1850 662 1889 cum
680 1828 714 1890 L.
734 1828 882 1889 Mummio
901 1847 969 1888 cer-

282 1927 345 1984 tet,
364 1928 395 1972 ut
412 1912 508 1991 plures
523 1911 569 1971 hic
585 1909 727 1971 sociorum
745 1908 856 1982 urbes,
878 1907 969 1989 qudam

281 1990 331 2051 ille
343 1988 465 2050 hostium
476 2035 486 2064 ‚
496 1988 626 2070 spoliasse
643 1990 775 2049 videatur
788 1988 799 2047 ?
811 1988 908 2069 plures
921 1989 968 2049 hic

281 2069 359 2131 solus
369 2070 452 2132 villas
463 2071 639 2132 ornamentis
649 2069 802 2142 fanorum,
815 2067 903 2151 qudm
919 2070 970 2132 ille

283 2151 351 2212 fana
367 2151 464 2233 spoliis
480 2150 603 2212 hostium
622 2148 754 2212 omaffe?
771 2151 803 2212 &
820 2152 843 2210 is
861 2151 915 2210 erit
929 2151 969 2213 ob

283 2251 351 2293 eam
367 2253 430 2293 rem
448 2232 535 2294 vobis
550 2233 665 2306 carior,
682 2247 714 2291 ut
728 2232 818 2292 ceteri
833 2230 970 2292 libentius

284 2311 335 2374 suo
370 2313 479 2374 ericulo
496 2310 597 2375 vestris
606 2311 807 2393 cupiditatibus
818 2309 970 2376 serviant?

326 2334 500 2454 bZVeritm
518 2393 581 2456 haec
599 2393 631 2455 δι
650 2394 781 2454 dicentur
801 2393 858 2453 alio
875 2391 970 2464 loco,

286 2473 321 2534 δι
339 2473 414 2534 dicta
429 2473 493 2534 sunt
509 2494 517 2532 :
534 2494 610 2533 nunc
624 2472 837 2553 proficiscemur
849 2469 886 2530 ad
898 2472 971 2532 reli·

285 2574 342 2635 qua
351 2597 361 2627 ,
370 2556 394 2613 si
408 2575 500 2634 pauca
512 2552 578 2613 ante
586 2551 724 2612 fuerimus
737 2551 867 2623 euobis,
882 2549 971 2611 Judi·

285 2632 511 2715 ces,deprecati.
523 2631 679 2714 Superiore
686 2632 768 2692 omni
777 2632 910 2690 oratione
915 2649 973 2769 que·

283 2729 428 2774 :attentos
439 2711 551 2775 vestros
564 2714 676 2773 animos
687 2710 837 2771 habuimus
853 2729 861 2769 t
875 2707 907 2768 id
928 2714 972 2772 uit

286 2794 373 2853 nobis
383 2791 669 2877 gratumadmodum.
678 2789 736 2855 Sed
743 2790 835 2851 multb
844 2792 896 2850 erit
904 2810 973 2872 gra·

286 2875 342 2934 rius
353 2919 363 2949 ,
378 2878 401 2934 si
412 2875 522 2956 reliqua
534 2873 641 2936 voletis
653 2871 803 2934 attendere
814 2893 821 2930 z
832 2890 973 2953 propter·

287 2973 323 3013 ea
341 2954 424 3036 qubd
442 2957 473 3015 in
487 2955 531 3014 his
546 2954 703 3024 omnibus,
716 2974 780 3034 quae
793 2969 879 3013 antea
896 2953 974 3014 dieta

286 3032 373 3109 sunt,
389 3051 449 3096 erat
460 3034 593 3116 quaedam
600 3053 637 3094 ex
652 3032 711 3115 ipsa
721 3036 859 3094 varietate
869 3054 902 3094 ac
912 3054 974 3110 noe

283 3115 380 3179 ritate
392 3136 488 3189 rerum
502 3137 534 3176 ac
545 3116 696 3176 criminum
710 3113 864 3175 delediatio
876 3135 883 3172 :
893 3136 974 3176 nunc

288 3194 410 3275 wadiare
422 3195 534 3257 causam
547 3192 716 3256 instituimus
729 3193 946 3256 frumentariam
960 3217 973 3272 ·;

290 3296 354 3364 quae
369 3277 567 3363 magnitudine
581 3273 713 3360 injuriae,
734 3273 796 3338 ferd
808 3277 974 3344 criminibus
