2550 4175
284 363 334 452 76
473 362 493 426 I
502 380 531 427 a·
566 364 785 428 Vanaarr

282 474 398 537 modol
412 492 461 533 aut
474 474 572 536 unde?
591 475 659 553 qui,
677 476 701 532 si
718 472 905 553 largissimus
921 467 969 532 elle

281 555 394 627 vellet,
411 555 599 615 cumulatiore
618 552 750 615 mensura
770 568 911 613 uteretur
923 596 933 625 ,
945 569 970 610 ιιι
992 571 997 642 5

280 652 368 695 antea
382 632 515 694 solebant
534 633 631 693 facere
657 636 687 692 in
703 632 863 706 decumis,
887 651 970 712 quum

280 714 365 796 aequa
383 712 475 796 lege,
504 715 537 774 &
563 712 733 774 conditione
760 709 970 774 venibant.ls

280 815 433 854 nummum
453 794 564 856 dabat?
592 792 697 853 uude?
727 792 766 853 de
791 789 970 853 frumental

277 878 361 955 quasi
379 871 540 946 habuillet,
560 889 590 932 te
614 890 762 954 praetore,
784 873 874 953 quod
902 891 970 932 ven·

278 956 374 1016 deret.
387 953 438 1014 De
452 957 523 1014 vivo
539 955 623 1034 igitur
642 969 703 1014 erat
714 952 829 1033 aliquid
841 951 970 1014 resecan-

279 1036 378 1108 dum,
400 1052 433 1094 ut
460 1032 554 1103 effet,
573 1032 651 1094 unde
677 1031 822 1113 Apronio
849 1032 891 1094 ad
912 1033 970 1092 illos
992 1085 999 1116 ι,

278 1114 386 1174 fruclus
407 1117 569 1174 arationum
587 1113 644 1172 hoc
670 1113 865 1178 corollarium
892 1133 970 1172 num·
992 1119 999 1182 ξ.

279 1215 396 1254 ιιιοιιιιιι
416 1195 580 1256 adderetur.
608 1192 672 1254 Jam
698 1193 728 1252 id
755 1195 851 1272 porrb
880 1195 969 1254 utrluu

278 1275 404 1336 libentes
419 1319 429 1349 ,
447 1297 484 1336 an
497 1275 579 1336 inviti
590 1272 855 1335 dabantllibentes
871 1276 969 1338 lama·

279 1357 354 1420 bant
367 1401 378 1430 ,
394 1356 503 1428 credo,
515 1353 698 1434 Apronium:
713 1353 826 1416 inviti?
843 1355 912 1436 qua·
925 1374 969 1428 re,

280 1438 337 1498 nisi
354 1439 409 1512 vi,
431 1438 464 1497 &
484 1435 586 1509 malo,
602 1434 807 1514 cogebantur?
823 1433 894 1495 lam
909 1433 968 1508 iste,

280 1516 376 1578 homo
393 1518 601 1577 amentissimus
618 1559 634 1587 ,,
650 1517 680 1572 in
694 1513 865 1576 vendendis
884 1515 969 1576 decu-

282 1600 358 1669 mis,
378 1616 564 1656 nummorum
582 1594 706 1656 faciebat
726 1597 921 1658 accessiones
938 1595 969 1656 ad

280 1675 407 1757 singulas
427 1675 582 1746 decumas,
598 1694 693 1752 neque
713 1674 843 1736 multum
863 1677 968 1750 abina,

282 1773 335 1814 aut
352 1772 434 1816 terna
451 1755 540 1815 millia
554 1753 680 1814 addebat
695 1774 702 1811 ι
719 1751 794 1814 fiunt
835 1775 869 1818 er
884 1759 969 1818 trien·

277 1837 363 1896 -nium
383 1833 449 1896 H-S
474 1832 589 1895 fortalle
609 1851 644 1895 ιο
666 1832 772 1893 millia'
819 1857 858 1897 oc
879 1858 900 1898 n

282 1916 422 1997 exemplo
444 1914 630 1996 cujusquam,
644 1934 739 1994 neque
750 1914 824 1977 'ullo
841 1914 911 1996 jure

278 1999 325 2057 cit
340 2017 348 2057 t
364 2016 460 2078 neque
478 2017 544 2058 eam
559 1997 709 2076 pecuniam
727 1995 828 2056 remlit
845 2017 854 2058 t
878 2019 901 2060 n

282 2078 343 2151 hoc
368 2097 491 2160 parvum
511 2079 619 2137 crimen
642 2073 901 2156 quemadmodum

278 2158 413 2219 ·fensurus
432 2160 487 2231 sit,
502 2156 592 2217 homo
607 2154 755 2236 quisquam
769 2176 922 2241 umquam
929 2180 970 2223 εχ.

283 2241 435 2319 cogitavit.
705 2245 709 2254 “

277 2362 282 2371 .
331 2335 396 2395 119.
415 2316 508 2394 Quod
519 2337 606 2396 quum
621 2318 660 2377 ita
674 2318 729 2389 sit,
745 2316 840 2381 audes
854 2320 970 2397 dicere,

285 2413 317 2457 te
338 2417 446 2477 magno
465 2397 600 2457 decumas
618 2394 778 2458 vendidisse
793 2442 804 2473 ,
828 2416 926 2483 quum
940 2404 971 2463 ἁ

285 2476 489 2559 perspicuum,
508 2495 538 2538 te
556 2479 654 2551 bona,
670 2475 972 2561 fortunasqunmo·

286 2579 370 2629 rum,
389 2579 448 2618 uon
467 2559 567 2637 populi
585 2557 733 2631 Romani,
747 2555 800 2625 sed
818 2564 883 2623 rm'r

249 2643 252 2649 '
287 2638 333 2698 tals
347 2635 645 2708 causa,vendidille.?
662 2637 703 2697 Ut
713 2639 763 2710 ,si
781 2642 850 2722 quis¹
886 2646 893 2661 “
919 2646 927 2663 ·

287 2737 325 2779 ex
344 2736 382 2776 eo
395 2716 507 2788 fundo,
525 2720 569 2776 cui
583 2717 648 2777 H·S
666 2718 741 2777 dena
752 2714 973 2801 meroesdffl,

280 2798 389 2857 excisis
414 2796 584 2870 arboribus,
609 2819 642 2857 ac
663 2797 815 2873 venditis,
846 2802 973 2891 ἀμφὶ.

285 2876 407 2961 tegulis,
425 2875 635 2951 instrumento,
652 2898 760 2962 pecore
778 2880 974 2963 abtbeaate.
