2550 4175
389 254 496 322 Pno
524 253 571 325 Α.
599 253 828 326 cncrnr.
894 272 972 348 427

294 386 358 447 quae
377 362 478 444 judicia
499 413 508 438 ‚
528 384 576 426 aut
595 365 789 448 stipulationes
806 413 816 443 ,
834 384 882 428 aut
900 368 976 450 paui

295 448 329 507 ὃ(
351 450 490 508 conventi
514 446 636 507 formula
661 469 722 507 non
742 447 903 524 infirmari,
928 466 977 510 aut

294 529 425 589 convelli
437 527 530 609 potest
542 574 551 601 ‚
564 531 585 587 si
596 529 632 586 ad
646 529 737 588 verba
750 550 810 589 rem
822 531 977 592 defleuere

293 607 445 671 velimus:
470 610 621 668 consilium
647 625 742 668 autem
770 630 897 684 eorum,
928 614 978 693 qui

293 689 486 762 scripserunt,
509 693 540 748 δ’(
555 692 719 764 rationem,
733 690 765 750 &
779 690 976 754 rudorirarem

294 771 488 851 relinquamus
505 770 516 828 ἓ

342 870 387 931 52·
407 850 511 910 Sermo
531 850 696 910 mehercule
716 851 747 911 &
762 850 927 926 familiaris,
946 852 978 913 δι

296 933 480 1012 quotidianus
492 953 552 990 non
563 931 721 992 cohaerebit
735 978 744 1005 ‚
760 934 783 991 si
802 934 891 993 verba
903 936 979 994 inter

295 1033 349 1072 nos
362 1013 573 1094 'aucupabimur
593 1033 600 1070 :
621 1012 744 1093 denique
755 1017 794 1073 im
817 1017 907 1075 eriunr
924 1015 980 1075 do·

295 1093 442 1154 mesticurn
463 1095 573 1153 nullum
589 1095 663 1163 erit,
680 1098 702 1152 si
711 1036 827 1152 servuiis
841 1095 898 1155 hoc
910 1095 979 1156 nos·

295 1177 345 1234 tris
362 1173 583 1237 concefferimus
595 1218 605 1247 ‚
615 1189 647 1232 ut
659 1173 695 1231 ad
706 1175 796 1234 verba
808 1175 891 1232 nobis
905 1177 981 1236 obe-

296 1255 376 1316 diant
394 1277 403 1328 ;
419 1278 480 1317 non
500 1256 536 1315 ad
555 1255 608 1326 id,
627 1253 708 1335 quod
725 1274 760 1314 ex
779 1255 876 1314 verbis
895 1255 981 1315 intel-

291 1337 346 1418 sigi
364 1339 473 1417 possit,
498 1338 716 1415 obtemperent.
738 1334 889 1416 Exemplis
904 1356 980 1396 nunc

295 1420 338 1479 uti
352 1419 487 1478 videlicet
499 1418 570 1477 mihi
587 1414 699 1476 neceffe
712 1414 752 1475 est
769 1416 870 1476 harum
883 1435 980 1476 rerum

297 1498 449 1560 omniurn?
464 1520 523 1558 non
542 1500 666 1558 occurrit
684 1500 837 1579 unicuique
855 1495 982 1558 vestrdm

296 1579 374 1642 aliud
383 1581 429 1640 alii
438 1583 467 1641 in
485 1581 566 1640 omni
576 1598 682 1660 genere
698 1580 885 1661 exemplum,
898 1577 981 1662 quod

282 1659 461 1724 -testimonio
479 1664 535 1736 sir,
548 1682 608 1721 non
627 1681 665 1721 ex
678 1663 774 1721 verbis
791 1675 889 1742 aprum
903 1681 982 1743 pen·

296 1743 366 1804 dere
380 1740 446 1820 jus,
460 1742 510 1803 sed
518 1743 610 1803 verba
622 1740 728 1802 servire
741 1742 894 1802 hominurn
908 1763 982 1804 con·

259 1887 262 1892 ,
296 1824 365 1888 siliis
384 1826 416 1886 &
435 1822 676 1886 auuoriratibus?

341 1923 388 1987 53·
411 1904 524 1969 Ornatd
540 1906 573 1965 δι
592 1900 712 1983 copiose
729 1899 764 1961 L.
778 1897 892 1960 Crass'us
903 1943 913 1973 ,
926 1899 984 1960 ho·

296 2007 349 2048 mo
374 1985 462 2069 longe
481 1984 759 2068 eloquentissimus,
780 1980 868 2070 paulo
891 1980 983 2055 ante,

298 2066 386 2150 quim
398 2090 453 2128 nos
466 2069 497 2127 in
509 2067 608 2128 forum
625 2065 780 2136 venimus,
795 2060 901 2139 judicio
915 2079 986 2122 cen·

298 2149 443 2211 tumvirali
467 2150 541 2209 hanc
565 2147 737 2209 sententiam
764 2142 920 2216 defendit,
950 2142 984 2204 δι

297 2229 403 2306 facist,
460 2251 511 2291 um
534 2246 635 2289 contra
656 2246 723 2288 eum
745 2224 985 2307 prudentissimus

297 2312 410 2387 homo,
460 2356 468 2372 .
479 2310 614 2383 Mucius,
628 2309 755 2381 diceret,
767 2306 904 2389 probor-it
916 2324 986 2367 on·
1007 2352 1011 2357 -

300 2393 408 2465 nibus,
432 2393 486 2453 Μ’.
506 2389 646 2462 Curium,
669 2389 719 2471 qui
736 2389 820 2451 heres
841 2388 851 2449 i
896 2386 903 2403 “

301 2468 371 2532 effer
388 2474 428 2531 ira
439 2518 451 2545 ‚
463 2491 566 2533 monuo
579 2472 700 2553 postumo
710 2471 775 2551 filio
786 2514 796 2545 ‚
807 2490 897 2555 quum
925 2534 935 2551 ,Ι

300 2572 363 2613 non
385 2552 477 2611 modo
498 2574 561 2613 noo
583 2568 743 2627 mortuus,
762 2550 814 2613 sed
840 2570 879 2615 ne

294 2674 297 2681 -
323 2631 422 2691 uidem
451 2628 549 2706 effer,
579 2630 721 2693 heredem
745 2630 803 2693 effe
830 2630 961 2713 opffll

301 2653 412 2791 Quid?
429 2712 528 2771 verbis
543 2710 608 2769 satis
627 2710 687 2771 hoc
700 2726 817 2771 caurum
834 2709 923 2775 entd.

297 2792 392 2861 nime.
421 2790 500 2875 Quo
521 2810 570 2854 res
582 2790 672 2877 igitur
692 2790 804 2857 vum?
823 2710 957 2995 rodi
