2550 4175
293 392 372 491 '326
468 393 530 460 Iu
560 396 785 461 Variana

292 504 450 568 recusabat.
470 505 578 586 Quid?
593 523 625 566 ut
636 528 697 567 uno
714 505 771 566 isiu
784 501 886 565 secutis
902 497 980 567 affes

292 605 356 647 tam
371 603 497 647 mortem
516 586 576 647 filio
590 604 665 659 tuo,
678 586 748 669 quid
762 586 863 646 dabis?
878 606 917 646 ne
928 587 979 649 diu

291 667 434 730 brucietur
448 666 460 726 i
475 687 513 727 ne
528 666 627 749 saepius
640 667 777 729 feriatur?
787 686 826 727 ne
836 685 904 725 curn
913 665 981 729 sen·

292 743 325 807 su
341 745 452 806 doloris
470 748 589 829 aliquo,
608 764 657 817 aut
671 745 917 827 cntciatuspiritus
930 767 981 807 au*

291 824 423 889 seratur?
440 826 535 888 Etiam
561 829 602 890 ob
623 828 698 891 hauc
720 826 832 889 causam
854 830 981 908 pecunia

289 904 385 970 littori
398 907 528 969 dabatur.
973 943 978 953 ·

338 1006 405 1067 1¹9·
422 985 453 1049 O
473 1007 635 1071 magnum,
653 1003 739 1068 atque
762 986 979 1047 intolerandum

292 1065 451 1130 dolorem!
470 1069 490 1130 ὃ
508 1088 649 1153 gravem,
668 1068 861 1149 acerbamque
873 1067 979 1129 'sortu-

293 1168 362 1208 nam
379 1150 387 1208 1
402 1169 463 1209 non
482 1153 574 1211 vitant
588 1146 711 1210 liberium
725 1193 735 1221 ,
751 1147 801 1209 sed
818 1152 920 1208 mortis
931 1169 979 1209 ce·

292 1227 438 1290 ienitatem
454 1236 549 1311 pretio
569 1230 714 1290 redimeie
732 1227 912 1310 cogebantur
928 1251 980 1310 pa·

293 1326 406 1386 tentes.¹
417 1316 513 1392 Atque
531 1312 585 1392 ipsi
599 1312 686 1384 etiarn¹
699 1308 898 1369 adolescentes
912 1327 979 1369 cunt

171 1427 174 1438 ·
292 1388 387 1451 Sestio
399 1391 549 1453 decadem
564 1390 669 1473 plaga,
688 1390 719 1451 δι
737 1389 775 1450 de
788 1410 848 1449 uno
857 1390 910 1450 illo
923 1390 979 1450 ittu

293 1468 491 1551 loquebantur
509 1493 516 1533 τ
540 1472 628 1552 idque
644 1461 824 1552 postremum
842 1489 979 1550 parentes

293 1548 360 1610 suos
379 1552 463 1612 liberi
481 1553 625 1625 orabant,
645 1568 679 1612 ut
701 1550 819 1611 levandi
839 1550 979 1611 cruciariis

292 1628 334 1692 sui
351 1633 442 1713 gratia
460 1632 552 1694 lidori
567 1633 690 1714 pecunia
706 1630 833 1692 daretur.
845 1630 979 1692 Multi&

191 1763 192 1766 ,
293 1726 400 1805 graves
413 1711 531 1772 dolores
543 1713 655 1771 inventi
663 1712 850 1791 parentibus,
865 1712 897 1771 δι
910 1732 980 1794 pro-

292 1791 428 1872 'ptnquie;
444 1791 549 1851 multi:
564 1808 768 1851 verumtamen
779 1811 859 1852 ntots
876 1793 913 1852 sit
928 1811 980 1853 ex·

294 1885 389 1954 trema
399 1894 409 1933 t
420 1892 481 1932 non
497 1872 562 1932 erit.
577 1869 664 1931 Estne
681 1871 789 1953 aliquid
808 1872 884 1933 uitri
896 1917 906 1947 ‚
920 1874 980 1955 qub

293 1952 432 2036 progredi
459 1951 612 2012 crudelitas
638 1953 762 2034 possit?
787 1956 948 2034 reperietur
969 1972 979 2014 t

295 2049 388 2108 narn,
412 2032 528 2095 illorum
550 2032 634 2095 iiben'
659 2053 749 2116 quum
779 2032 865 2096 erunt
886 2032 978 2096 securi

293 2116 488 2197 percusti‚ac
503 2116 664 2188 necati‚co
702 2113 981 2195 orasetieobjicien·

294 2210 342 2254 nrt
354 2216 362 2255 ε
376 2195 433 2256 hoc
446 2197 470 2255 si
485 2194 644 2255 lusiuosum
657 2215 674 2255 e
709 2198 842 2277 patenti,
858 2197 981 2258 redimat

295 2276 392 2356 pretio
407 2274 564 2356 sepeliendi
579 2274 766 2357 potestatem.

341 2371 409 2415 120.
440 2352 571 2416 Onasutn
592 2355 631 2417 Se
654 2354 805 2427 asianum,
828 2354 983 2418 hominem

229 2474 232 2478 Δ
294 2434 450 2508 nubilem,
468 2435 564 2498 dicere
582 2458 617 2496 au
640 2434 719 2510 istis,
742 2434 772 2494 se
789 2432 830 2493 ob
850 2433 880 2493 se
904 2435 982 2496 ultu-

296 2534 359 2575 rarn
381 2515 509 2576 Heraclii
529 2515 667 2577 nauarchi
688 2514 840 2595 pecuniam
892 2517 983 2576 imar-

296 2594 374 2665 ‚tuidi
386 2594 585 2656 dinumerasse.
603 2594 673 2655 Hoc
687 2598 744 2663 (ne
756 2597 848 2675 possis
863 2595 980 2659 diceret

292 2694 387 2758 patres
411 2679 482 2737 enim
497 2677 630 2750 veniunt,
651 2675 765 2735 amissis
775 2677 869 2754 filiis,
891 2679 980 2752 irati)

296 2758 342 2818 vit
359 2758 531 2839 primarius,
549 2756 642 2817 bomo
659 2754 874 2830 nobilissimus,
892 2758 979 2818 dicit:

297 2854 396 2920 neque
416 2839 452 2898 de
476 2836 538 2900 filio
558 2837 636 2898 dicit.
657 2835 722 2898 Jam
745 2835 802 2897 hoc
815 2881 825 2911 ,
839 2838 901 2917 quis
917 2856 981 2898 tunt

297 2917 357 2979 suit
369 2918 538 3000 Syracusis,
554 2921 623 3001 quin
644 2916 787 2993 audierit,
803 2921 872 3002 quin
891 2917 983 2994 sciat,
