2550 4175
272 329 353 413 492
499 316 715 388 Oarrro

270 434 403 508 dicerer,
414 436 507 495 Nono
527 454 611 495 ortere
626 437 698 494 mitti
707 433 838 495 hominem
851 432 956 512 privas

268 458 526 595 tum-proconsuss
540 538 548 575 t
569 516 604 576 L.
621 514 770 595 Philippus
791 512 891 573 dixiffe
910 515 956 573 di·

269 597 367 655 citur-t
382 596 448 655 Non
461 595 493 675 se
510 597 589 656 illum
604 596 808 675 [uA-sententia*
843 616 873 653 ro
890 616 956 655 cort-

264 674 481 755 fitle‚sed=pro
500 676 656 755 consulib'atr
679 678 790 735 mittere.
813 617 911 734 {anta
925 677 955 734 iu

270 774 309 813 eo
327 756 491 835 reipublicae
511 756 589 817 bene
610 756 744 837 gerendae
762 753 826 833 spes
845 753 956 815 consti-

269 834 435 909 tuebatur,
463 853 494 895 ut
523 837 647 897 duorum
676 834 825 896 consulum
853 857 957 895 munus

270 918 354 975 unius
378 915 566 976 adolescentis
593 918 692 975 virtuti
714 918 956 976 committeretur.

211 1010 215 1013 ’
268 995 355 1074 Quid
375 1016 436 1057 tam
455 998 615 1077 singulare,
632 996 720 1076 quam
733 1014 764 1055 ut
780 1015 816 1055 ex
827 994 957 1055 senatus·

269 1075 403 1136 consulto
421 1077 531 1157 legibus
549 1075 679 1150 suimus,
697 1075 795 1135 consul
815 1077 884 1135 ante
903 1075 956 1136 fie-

268 1173 335 1230 ret,
355 1156 441 1239 quam
466 1157 557 1216 ullum
582 1156 668 1216 alium
688 1155 884 1239 magistratum
902 1178 956 1237 pet

267 1236 352 1319 leges
371 1257 486 1318 :capere
503 1234 647 1303 licuiffet?
667 1237 736 1315 quid
753 1254 813 1295 tam
830 1238 955 1297 incredi⁴

269 1318 330 1378 bile
345 1363 354 1392 ‚
372 1318 460 1399 quam
472 1324 510 1377 'ut
528 1320 633 1378 iterum
651 1336 740 1397 eques
751 1315 904 1378 Romanus
919 1339 954 1379 ex

269 1397 517 1460 senatusconsulto
527 1396 717 1477 triumpharet
732 1397 744 1456 ὲ
760 1419 825 1477 quae
843 1401 873 1458 in
891 1421 955 1460 om·

269 1480 355 1540 uibus
371 1480 535 1540 hominibus
546 1500 627 1538 nova
642 1476 715 1558 post.
724 1478 879 1538 hominum
891 1500 954 1540 me·

269 1563 395 1620 moriam
410 1558 561 1619 constituta
576 1558 638 1618 funt
649 1603 659 1631 ‚
672 1577 777 1618 eatam
791 1561 883 1619 multa
896 1582 954 1619 nort

269 1637 334 1702 sunt
345 1684 355 1713 ,
365 1639 453 1720 quim
469 1640 551 1712 brec,
567 1660 630 1720 quae
645 1641 677 1697 in
691 1640 749 1698 hoc
765 1660 825 1699 uno
836 1641 955 1700 homine

270 1720 408 1781 vidimus.
429 1718 529 1798 Atque
547 1719 609 1778 haec
631 1733 677 1778 tot
700 1720 859 1800 exempla,
876 1738 955 1780 tanta

272 1821 307 1859 ac
324 1816 385 1859 tam
405 1820 506 1872 nova,
555 1797 664 1859 mietia
682 1797 745 1858 suut
769 1802 799 1859 itt
818 1802 954 1861 eumdem

268 1880 419 1941 hominem
437 1902 454 1940 a
467 1879 512 1959 Q
526 1820 646 1952 gattuli,
661 1897 747 1960 atque
761 1901 778 1938 a
792 1898 955 1943 ceterorum

269 1959 400 2040 ejusdem
428 1960 574 2041 dignitatis
595 1960 839 2041 amplissimorum
858 1963 957 2024 homi-

270 2063 341 2104 num
362 2040 542 2103 auiioritate.

311 2121 430 2185 XXII.
453 2122 555 2203 Quare
576 2121 718 2198 videant,
735 2142 775 2183 rte
797 2124 833 2182 sit
851 2123 957 2205 perini-

270 2225 384 2286 quum,
405 2204 437 2263 &
456 2225 518 2264 non
533 2203 710 2276 ferendum,
724 2205 841 2263 iliorum
859 2205 958 2265 autio-

270 2289 386 2347 titatem
409 2283 445 2343 de
461 2282 522 2345 Cn.
538 2281 671 2364 Pompeii
682 2283 819 2366 dignitate
834 2306 851 2344 a
872 2287 958 2346 vobis

271 2364 495 2446 comprobatam
521 2361 635 2443 semper
662 2362 742 2437 ess'e3
763 2363 893 2426 vestrum
919 2367 959 2426 ab

270 2446 325 2511 iilis
341 2446 377 2505 de
397 2443 506 2504 eodem
525 2443 645 2505 homine
662 2442 819 2523 juditium,
839 2447 960 2526 populi·

312 2545 329 2584 e
347 2524 474 2584 Romani
482 2522 680 2584 auetoritatem
692 2526 872 2607 improbari:
907 2549 962 2588 tae·

270 2545 369 2665 pistum
396 2624 485 2683 quum
504 2601 563 2682 jam
586 2603 636 2662 suo
657 2602 721 2682 jure
741 2607 869 2687 popuius
919 2629 962 2668 0·

269 2706 372 2747 manus
389 2685 419 2744 in
437 2683 494 2744 hoc
514 2683 633 2744 homine
656 2683 734 2744 suam
755 2685 963 2749 auetoritttem

270 2765 321 2828 vel
339 2783 440 2826 contra
456 2785 580 2837 omnes,
599 2767 648 2847 qui
665 2765 850 2841 diffentiunt,
865 2772 964 2849 possit

270 2846 429 2916 defendere
447 2866 457 2920 3
475 2863 634 2930 propterea
647 2847 761 2931 quud,
782 2845 844 2909 istis
862 2849 966 2922 redaq
