2550 4175
367 351 444 439 ⁴146
554 351 612 414 Iu
658 352 889 413 VERREM

364 461 533 543 provinciis,
545 482 610 520 cum
630 460 793 541 potestate,
811 478 860 519 aut
888 481 960 522 curn
979 462 1056 545 lega·

363 547 444 610 tione
455 541 483 602 se
492 540 602 603 futuros
615 540 771 623 aliquando
782 540 973 619 arbitrentur·
983 541 1056 605 Prae·

364 624 457 695 eleros
474 623 548 684 verb
567 620 830 700 existimasjudices
847 641 905 680 nos
923 621 1056 700 habere,

364 723 439 784 quos
459 702 557 763 alienis
583 704 709 782 peccatis
734 697 919 762 concess'uros
946 721 1056 783 puter,

364 781 424 864 quo
440 781 547 844 facilius
564 781 641 863 ipsos
660 802 781 863 peccare
802 782 900 842 liceat.
923 779 1009 866 Ergo
1028 784 1058 844 id

363 865 499 932 uolumus
533 864 655 943 epulum
671 862 864 936 Romanum,
883 861 914 922 id
931 865 1058 943 provin·

361 948 444 1018 niae,
455 944 485 1004 id
501 885 619 1017 dnos,
636 941 821 1023 nationesque
844 960 966 1008 exteras
986 943 1058 1006 exis·

364 1028 486 1099 rimare,
503 1028 527 1090 si
545 1022 691 1086 senatores
712 1020 870 1101 judicent,
896 1022 962 1085 hoe
981 1026 1058 1088 certe

364 1127 455 1175 unum
467 1125 557 1188 genus
569 1104 688 1166 infinitae
702 1106 833 1185 pecuniae
846 1123 901 1184 per
914 1102 1059 1169 summam

362 1184 500 1325 injqqiarql
517 1187 657 1268 cogendae
672 1230 681 1260 ,
698 1184 779 1250 nullo
795 1182 891 1246 modo
908 1183 997 1266 poffe
1013 1187 1072 1248 re·¹

391 1288 421 1328 re
443 1287 479 1327 en
501 1267 533 1323 i?
651 1269 654 1273 ’
1046 1321 1053 1330 .

364 1290 479 1422 ·p'224.
499 1344 636 1426 Quodsi
662 1346 700 1406 ita
718 1342 794 1417 est,
816 1342 889 1426 quid
907 1341 1059 1424 poffiumus

234 1489 237 1494 ,
365 1446 469 1495 contra
483 1427 563 1488 illum
579 1444 736 1509 praetorem
750 1424 870 1498 dicere,
912 1427 945 1484 ui
962 1428 1060 1508 quoti.-

323 1570 325 1574 .
366 1510 415 1570 die
433 1508 575 1590 templum
591 1524 696 1580 tenet,
712 1508 760 1646 qui
775 1505 899 1585 rempub
913 1507 994 1570 'carn
1010 1509 1061 1571 nis·

366 1586 710 1670 terenegarpoffe‚nia
743 1606 759 1648 e
781 1584 909 1648 uestrem
920 1587 1060 1652 ordinem

367 1668 474 1750 judicia
489 1667 672 1732 referantur?
688 1608 782 1747 Quod
793 1669 817 1726 si
827 1665 878 1728 ille
893 1665 959 1732 hoc
970 1688 1060 1730 muru

366 1752 474 1831 agitare
486 1751 625 1829 coeperit,
643 1744 699 1808 effe
710 1745 828 1829 aliquod
836 1767 935 1828 genus
951 1767 1061 1839 cogen-

368 1831 414 1892 dae
424 1832 553 1911 pecuniae
565 1874 576 1900 ,
588 1828 752 1890 senatorum
762 1848 945 1902 commune,
961 1830 995 1893 δι
1002 1847 1061 1910 jam

364 1912 463 1992 prope
483 1908 649 1971 conceffum
670 1909 785 1981 ordini,
804 1929 864 1989 quo
885 1923 1003 1990 genere
1026 1908 1060 1972 eh

364 1992 451 2074 [ociis
468 1994 596 2053 rnaxirna
613 1991 734 2073 pecunia
750 2010 803 2069 per
818 1986 969 2054 summam
987 1987 1061 2070 inju-

364 2075 440 2135 riam
462 2091 631 2146 avertatur;
649 2091 743 2152 neque
766 2067 827 2130 ullo
855 2070 956 2134 modo
981 2069 1062 2135 sena·

365 2157 451 2216 ›toriis
480 2153 599 2234 judiciis.
616 2151 791 2233 reprehendi
811 2149 918 2232 pede,
943 2151 1061 2234 idque,

283 2239 286 2244 ’
370 2238 443 2303 dum
462 2233 594 2316 equester
613 2233 688 2293 ordo
712 2231 875 2311 judicaret,
897 2253 1061 2315 numquam

351 2311 430 2377 ¹esse
446 2313 627 2380 commissum
645 2334 652 2372 :
669 2317 731 2411 quis
743 2351 745 2357 ·
755 2309 898 2374 obsistet?
919 2316 991 2395 quis¹
1009 2312 1062 2378 erist

372 2413 433 2455 tam
453 2395 572 2475 cupidus
595 2391 746 2466 vestrum,
768 2410 828 2452 tam
848 2391 954 2457 fautor
981 2393 1063 2456 ordi-

368 2480 444 2547 nis,
461 2478 512 2556 qui
529 2475 580 2537 de·
593 2472 797 2537 transferendis
826 2468 946 2552 judiciis
971 2476 1063 2557 possit

367 2553 530 2621 aecusate?
566 2611 572 2620 ,
607 2588 611 2596 ·

307 2706 309 2711 ¹
368 2668 375 2702 -,-
413 2632 567 2697 XCVII.
587 2631 688 2716 Atque
713 2636 824 2699 utinam
845 2631 949 2714 potrer
969 2633 1063 2716 alique

304 2716 307 2723 '
368 2717 481 2776 ratione
500 2716 558 2777 hoc
574 2718 708 2790 crimene,
726 2717 858 2796 quamvis
877 2713 981 2792 falsi,
1000 2736 1065 2779 mo·

368 2796 412 2857 do
425 2797 549 2861 humane
561 2813 647 2879 atque
666 2796 788 2871 usitate,
805 2793 996 2858 defendere!
1012 2798 1065 2857 mi·

286 2914 289 2919 -
368 2898 448 2967 nore
473 2879 604 2962 periculo
626 2878 728 2969 uestro
742 2923 757 2954 ,
781 2879 898 2943 nrinore
926 2877 1064 2961 paritulo
