2550 4175
311 590 558 662 Acrronrs
583 592 630 660 ΙΙ.
656 592 694 660 L.
720 594 795 661 IV.-
831 613 909 688 215

222 702 377 765 elicimus?
393 708 484 766 immo
500 703 641 784 verbipse
654 702 776 786 praesens
786 728 794 767 r
804 705 910 770 Romae

225 806 321 865 nuper
332 785 422 866 ipsum
433 782 489 847 elle
499 784 661 867 pollicitum
672 784 748 858 ‚sese
757 786 788 847 id
796 790 909 871 signum

225 865 331 946 legatis
350 864 406 927 elle
420 866 618 938 redditurum,
632 868 657 924 si
672 863 734 944 ejus
747 870 794 928 ¹rei
809 867 911 930 testifi-

225 948 305 1006 catio
316 947 467 1008 tolleretur
479 991 489 1019 ‚
500 961 674 1025 cautumque
686 943 756 1007 effer
764 966 816 1010 eos
829 949 912 1013 testi-

227 1028 364 1087 monium
377 1049 438 1087 non
451 1025 508 1089 effe
523 1024 658 1087 dinuros.
669 1023 751 1085 Dixit
762 1026 820 1088 hoc
833 1031 911 1125 apud

228 1126 287 1167 vos
315 1107 482 1189 Zosippus,
509 1107 542 1167 &
569 1104 752 1181 Hismenias,
777 1108 911 1175 hommes

229 1186 423 1283 nobilissimi,
442 1189 475 1251 &
493 1190 637 1271 principes
650 1186 859 1269 Tyndaritanae
870 1194 912 1254 ci·

227 1285 337 1331 vitans.

271 1347 405 1411 XLIII.
424 1348 532 1432 Quid?
547 1347 710 1433 Agrigento
726 1371 826 1415 nonne
838 1350 915 1433 ejus·

227 1429 301 1491 <lem
322 1430 358 1500 n
374 1430 515 1513 Scipionis
536 1449 783 1508 monumentum,
799 1436 914 1516 signum

229 1510 378 1591 Apollinis
388 1513 613 1593 pulcherrimum
626 1556 637 1585 ‚
652 1509 733 1591 cujus
743 1515 773 1572 in
784 1512 917 1588 femine,

228 1592 363 1654 litterulis
373 1594 489 1652 ntinutis
498 1594 642 1674 argenteis
653 1612 783 1665 ,nomen
800 1591 915 1673 Myro-

229 1675 276 1733 nis
290 1690 351 1732 erat
359 1670 543 1753 inscriptum,
553 1692 589 1733 ex
597 1671 751 1750 AEsculapii
763 1672 917 1754 religiosis·

230 1754 309 1813 simo
327 1751 398 1813 fano
413 1750 561 1847 sustulisti?
575 1750 657 1833 quod
675 1751 815 1833 quidem,
830 1751 917 1814 Judi-

228 1830 917 1997 {ettlllmnlsttltllfisslt‘tllllqzllll

230 1997 368 2058 homines
383 1996 423 2056 im
445 1995 554 2068 rohos,
572 1993 683 2068 duces,
698 2011 785 2078 atque
798 1994 918 2077 adjuto·

231 2098 281 2139 tes
298 2076 412 2138 adhibu'
436 2093 489 2148 et,
502 2075 694 2137 vehementer
708 2095 859 2139 commota
874 2079 917 2140 ci·

231 2161 308 2220 vitas
327 2156 377 2219 est.
392 2157 462 2218 Uno
482 2156 591 2217 eodem
610 2173 745 2236 tempore
766 2155 917 2240 Agrigen-

231 2241 288 2300 tini
304 2237 477 2300 beneficium
495 2236 648 2310 Africani,
669 2236 840 2317 religionem
860 2238 919 2298 do·

232 2317 411 2394 mellicam,
435 2333 638 2379 ornamentum
665 2317 764 2387 urbis,
781 2316 918 2379 indicium

229 2400 385 2472 uitione,
399 2397 595 2460 testimonium
610 2396 773 2469 societatis,
791 2399 921 2478 require·

233 2484 317 2542 bant.
338 2479 439 2562 Itaque
456 2480 492 2541 ab
510 2479 587 2552 illis,
604 2479 652 2559 qui
671 2480 815 2558 principes
835 2481 864 2536 in
883 2499 919 2540 ea

234 2565 355 2624 civitate
374 2577 481 2633 erant,
508 2561 689 2641 praecipitur,
714 2560 746 2619 ὃ(
766 2561 919 2639 negotium

234 2642 320 2703 datur
340 2639 548 2724 quaestoribus,
570 2640 603 2699 &
616 2638 766 2712 aedilibus,
781 2656 812 2699 ut
830 2639 919 2700 noilu

234 2725 350 2805 vigilias
366 2739 487 2804 agerent
506 2721 544 2780 ad
567 2720 645 2781 aedes
669 2718 759 2779 sacras
782 2723 920 2780 :etenim

233 2803 289 2866 iste
309 2802 461 2885 Agrigenti
478 2800 591 2882 (credo
614 2817 735 2881 propter
757 2800 920 2859 multitudi-

235 2902 309 2946 nem
329 2884 444 2943 illorum
464 2882 636 2954 hominum,
656 2896 742 2961 atque
756 2883 894 2940 virtutem
908 2923 925 2952 ,‚

236 2965 275 3024 &
298 2962 378 3042 quod
395 2966 476 3023 cives
502 2961 652 3032 Romani,
678 2964 733 3020 viri
756 2959 868 3033 fortes,
887 2983 920 3020 ac

237 3043 366 3115 strenui,
385 3043 417 3102 &
433 3039 545 3101 honesti
563 3040 699 3122 permulti
719 3043 748 3097 in
766 3040 816 3098 illo
833 3045 921 3119 oppi-

239 3124 282 3185 do
306 3167 316 3197 ,
343 3120 575 3202 conjuuftissimo
603 3122 732 3193 animo,
759 3140 825 3180 curn
853 3125 921 3202 ipsis
