2550 4175
386 363 486 432 Pno
512 364 563 433 M.
588 365 844 434 Foururo.
900 363 969 456 381

291 480 392 551 viam,
408 497 497 558 quern
515 477 633 560 quisque
652 475 773 552 odiffet,
786 495 817 538 ut
834 497 901 538 eum
918 481 977 540 tes·

291 561 417 619 timonio
432 559 525 640 posset
535 559 649 619 tollere.
661 558 794 637 Quantus
804 560 833 618 in
847 559 880 618 L.
891 557 977 620 Cras-

292 637 324 700 so
346 639 441 719 pudor
454 637 539 698 fuerit
555 685 565 712 ,
583 639 665 721 quod
681 642 850 720 ingenium,
869 659 977 721 quanta

293 720 466 793 auetoritas,
486 722 547 801 quis
563 719 702 800 ignorat?
721 735 818 777 tamen
836 721 878 793 is,
896 719 977 800 cujus

295 804 382 862 etiam
401 799 497 862 sernto
526 799 681 861 testimonii
705 798 902 858 auiioritatern
921 802 978 861 ha-

294 882 404 954 bebat,
421 879 585 941 testimonio
605 879 688 960 ipso,
703 899 766 960 quae
784 881 813 938 in
830 878 875 938 M.
895 879 979 940 Mar-

296 962 402 1022 cellum
420 963 535 1022 inimico
550 963 656 1042 animo·
668 960 757 1035 dixit,
773 958 898 1042 probare
917 981 979 1024 non

296 1059 401 1124 potuit.

304 1157 307 1162 -
343 1139 388 1202 ις.
406 1121 493 1198 Fuit,
518 1121 571 1183 fuit
587 1122 642 1182 illis
665 1120 805 1202 judicibus
825 1123 953 1186 divinum
965 1137 981 1201 ,''

297 1223 331 1264 ac
348 1205 509 1285 singulare,
526 1203 643 1265 ludices
656 1248 666 1276 ,
681 1205 854 1276 consilium,
880 1209 929 1285 qui
948 1205 977 1268 se

297 1305 358 1343 non
374 1283 467 1344 solum
485 1284 522 1343 de
543 1302 619 1355 reo,
634 1281 685 1342 sed
704 1286 792 1344 etiarn
811 1281 848 1342 de
864 1282 980 1343 accusa-

296 1382 383 1435 tore,
398 1364 435 1423 de
453 1361 524 1422 teste
535 1360 661 1441 judicare
676 1362 882 1422 arbitrabantur
892 1407 900 1436 ,
910 1365 980 1442 qnid

298 1442 415 1518 fliium,
431 1442 501 1524 quid
520 1463 537 1500 a
553 1441 668 1501 fortuna
682 1486 692 1513 ,
706 1463 738 1501 ac
756 1461 890 1521 tempore
909 1443 981 1503 alla-

298 1542 384 1598 tum,
405 1522 475 1605 quid
494 1524 589 1603 pretio
612 1539 780 1602 corruptum
795 1567 805 1594 ,
822 1520 891 1602 quid
907 1521 981 1602 spe,

299 1621 349 1664 aut
367 1620 449 1664 metu
471 1602 683 1683 depravatum,
706 1602 776 1742 Fuid
791 1624 808 1661 a
824 1601 982 1681 cupiditate

300 1687 415 1766 aliqua,
426 1701 474 1744 aut
485 1685 637 1744 inimicitiis
650 1705 704 1764 pro
720 1683 813 1744 eIIum
823 1683 982 1746 videretur.

301 1765 379 1844 Quae
393 1767 416 1825 si
425 1761 515 1845 judex
531 1786 591 1825 non
603 1763 792 1845 ampleRetur
804 1767 903 1824 ornnia
913 1785 986 1824 con-

301 1846 389 1919 sili03
415 1867 475 1906 non
500 1848 620 1917 animo,
642 1865 676 1904 ac
698 1863 798 1904 mente
819 1843 984 1924 circumspi·

302 1929 377 1987 ciet:
394 1928 439 1999 si,
453 1941 484 1984 ut
500 1925 626 2005 quidque
646 1943 682 1982 ex
698 1924 748 1981 illo
764 1925 832 1983 loco
850 1922 985 1996 dicetur,

303 2028 341 2068 ex
362 2006 480 2066 oraculo
503 2003 600 2085 aliquo
622 2002 680 2061 dici
697 2001 899 2073 arbitrabitur;
918 2007 988 2081 prti-

303 2085 380 2148 ferte>
399 2086 462 2145 satis
484 2086 560 2158 erit,
577 2081 606 2143 id
626 2079 706 2163 quod
723 2081 781 2141 dixi
798 2096 903 2154 antea,
923 2102 986 2144 non

304 2166 419 2229 surdum
429 2162 554 2244 judicem
566 2164 632 2222 huic
646 2165 775 2235 muneri,
785 2179 871 2257 atque
885 2159 985 2223 officio

304 2245 422 2331 praeeffe
434 2267 440 2304 :
453 2245 521 2305 nihil
532 2246 605 2317 erit,
623 2243 815 2324 quamobrem
827 2242 874 2302 rlle
892 2241 988 2303 nescio

305 2332 370 2411 quis
382 2327 492 2409 sapiens
502 2326 594 2387 horno
603 2369 612 2399 ,
622 2346 656 2383 ac
667 2324 821 2383 multarum
830 2342 925 2382 rerunt
936 2342 990 2405 pe·

306 2413 396 2481 ritus,
416 2407 453 2467 ad
475 2427 520 2468 res
535 2404 704 2486 judicandas
718 2407 886 2486 requiratur.

350 2486 452 2548 VIII.
476 2487 527 2548 An
551 2486 623 2547 verb
649 2485 689 2544 illi
709 2489 820 2567 equites
838 2484 989 2559 Romani,

309 2588 383 2650 quos
402 2589 456 2627 nos
472 2568 622 2639 vidimus,
639 2567 688 2646 qui
706 2586 797 2647 nuper
811 2568 841 2625 in
857 2564 989 2645 republi-

310 2670 343 2707 ca
355 2692 364 2721 ,
377 2644 538 2729 judiciisque
548 2649 678 2707 maximis
687 2646 844 2707 floruerunt
857 2646 989 2718 ‚habue-

311 2744 376 2788 runt
399 2744 510 2786 tanturn
533 2729 645 2799 animi,
667 2743 780 2785 tanturn
800 2725 940 2797 roboris,
957 2740 990 2787 ut

312 2808 357 2869 M.
374 2804 481 2869 Scauro
499 2805 562 2868 testi
575 2826 636 2869 non
655 2805 826 2872 crederent:
839 2824 895 2869 vot
912 2802 994 2867 vot·
