2550 4175
306 682 566 754 Actionis
585 683 641 751 ΙΙ.
667 683 709 752 L.
730 683 795 752 IV.
836 701 912 773 209
1015 631 1021 642 .

234 815 420 871 memorum,
439 800 469 859 &
487 814 587 879 putare
604 816 707 859 omnes
727 795 825 857 bonos
843 797 915 857 alie-

234 902 280 941 nae
302 880 401 961 gloriae
419 875 621 939 defensionem
640 874 819 940 adofficium
833 876 915 941 suum

196 1017 199 1022 .
232 964 390 1042 pertinere.

276 1040 325 1118 83.
339 1039 377 1100 Et
387 1038 505 1120 quidem
514 1040 617 1100 ceteris
625 1035 701 1098 istius
714 1035 814 1111 furtis,
828 1054 913 1120 atque

233 1121 346 1202 flagitiis
365 1122 405 1179 ita
420 1139 565 1191 moveor,
582 1135 613 1179 ut
628 1138 663 1180 ea
679 1116 915 1198 reprehendenda

233 1203 347 1261 tantirm
360 1215 480 1281 putem:
491 1199 536 1260 hic
555 1201 629 1261 verb
642 1215 725 1260 tanto
736 1198 840 1259 dolore
851 1197 916 1258 aff.-

232 1284 317 1354 cior,
335 1297 366 1341 ut
383 1280 452 1341 nihil
467 1281 537 1342 mihi
556 1280 719 1363 indignius,
733 1279 803 1338 nihil
818 1281 915 1340 minits

232 1360 385 1422 serendum
403 1361 549 1423 videatur.
573 1361 682 1423 Verres
700 1358 829 1420 Africani
846 1380 915 1421 mo·

232 1445 376 1503 numentis
399 1440 520 1502 domum
540 1439 641 1515 suam,
661 1441 777 1523 plenam
802 1438 912 1521 stupri,

231 1523 348 1603 plenam
371 1522 497 1603 flagitii,
521 1522 640 1602 plenam
668 1520 842 1593 dedecoris,
867 1541 916 1580 oo·

231 1602 332 1661 nabit?
347 1600 455 1662 Verres
467 1601 699 1681 temperatissimi
711 1645 719 1672 ,
732 1598 915 1659 sandissimi·

231 1702 289 1761 que
299 1683 356 1741 viri
370 1697 608 1753 monumentum,
618 1678 723 1738 Dianae
732 1679 914 1738 simulacrum

230 1762 370 1843 virginis,
391 1764 421 1820 in
443 1781 477 1821 ea
496 1760 587 1820 domo
609 1758 788 1831 collocabit,
808 1761 914 1838 inqua

230 1843 345 1982 semper
363 1840 546 1903 meretricum
558 1839 778 1921 ,lenonumque
805 1838 914 1921 flagitia

233 1924 408 1986 vetantur?

272 2001 437 2064 XXXIX.
461 2001 504 2064 At
523 2003 579 2064 hoc
593 2003 685 2065 solum
706 2002 912 2065 Africani'mo·

230 2101 401 2147 numentum
416 2082 653 2167 violastiiquid?
672 2108 688 2146 a
705 2084 912 2165 Tyndaritanis

229 2187 292 2226 non
311 2164 438 2242 ejusdem
460 2164 601 2244 Scipionis
623 2164 766 2226 beneficio
783 2168 912 2245 positum

230 2245 412 2307 simulacrum
423 2243 577 2317 Mercurii,
586 2244 777 2324 pulcherrime
788 2244 913 2318 fadum,

228 2323 378 2385 sustulisti?
399 2322 442 2383 Ar
454 2323 721 2404 quemadmodum,
739 2323 778 2382 dii
788 2326 913 2382 immor-

228 2405 322 2466 tales!
342 2403 429 2485 quim
455 2402 588 2464 audadet
604 2404 614 2463 l·
655 2403 721 2465 uim
739 2403 910 2464 libidinose!

229 2484 318 2567 quim
335 2487 374 2545 im
398 2484 541 2555 udenter!
568 2426 680 2546 audillis
701 2504 793 2565 nuper
814 2484 912 2544 dicere

228 2567 342 2648 legatos
361 2506 579 2647 syndaritanos
593 2610 604 2640 ,
620 2565 753 2625 homines
771 2562 910 2626 honestis·

229 2649 339 2720 simos,
350 2669 382 2707 ac
393 2649 536 2728 principes
551 2647 673 2707 civitatis
686 2691 696 2720 ,
710 2645 909 2720 Mercurium,

228 2730 278 2808 qui
297 2727 378 2787 sacris
395 2726 590 2789 anniversariis
606 2726 683 2808 apud
699 2747 771 2800 eos,
784 2748 818 2786 ac
832 2725 910 2787 sum·
1001 2764 1006 2771 -

228 2808 279 2868 mi
297 2807 437 2889 religione
460 2808 626 2883 coleretur,
663 2828 730 2869 uem
745 2804 933 2887 trustem,
965 2820 972 2829 '

228 2907 306 2956 nus,
322 2885 495 2969 Carthagine
513 2887 596 2968 capti
610 2933 620 2962 ,
632 2829 838 2970 'syndantau'u
904 2956 906 2961 ,
922 2890 933 2919 ·'

227 2966 322 3027 solum
345 2965 400 3026 suae
420 2968 576 3041 vidioriae‚
604 2968 655 3029 sed
678 2971 765 3029 etiam
791 2967 923 3030 illorum-v

228 3046 323 3117 fidei,
343 3045 537 3128 societatisque
558 3064 802 3120 monumentum,
820 3062 904 3129 atque

228 3126 367 3188 indicium
386 3125 523 3201 dedisset,
540 3125 623 3207 hujus
637 3130 692 3200 vi,
710 3125 815 3186 scelere
830 3170 840 3199 ‚
853 3129 888 3191 int

227 3208 370 3290 perioque
386 3203 443 3270 effe
460 3205 599 3273 sublatum
614 3229 622 3271 t
637 3209 686 3293 qui
700 3222 731 3268 ut
742 3206 869 3290 primltus
