2550 4175
361 423 611 490 Aca-roure
631 419 682 488 11.
706 419 827 488 L..IV.
868 421 943 511 173¹

264 533 318 594 sibi
330 533 421 594 videri
436 556 442 594 :
454 536 493 593 ita
502 533 665 614 Pamphilus
674 532 800 615 scyphos
812 534 943 613 optimos

263 613 367 674 aufert.
385 612 423 673 Et
441 613 620 675 mehercules
634 617 696 694 eg'o'
706 618 812 687 antea,
827 613 944 673 tametsi

262 694 321 754 hoc
337 694 433 754 nescio
449 694 518 775 quid
528 695 710 775 nugatorium
723 694 846 754 sciebam
862 690 922 754 esse
930 735 944 765 ‚

262 772 312 834 ista
340 774 499 856 intelligere
517 793 527 846 ;
547 789 646 833 tamen
668 774 763 834 mirari
786 773 942 848 solebam,

262 852 346 913 illum
364 857 393 913 in
406 853 448 913 his
464 855 626 935 ipsisrebus
636 853 762 935 aliquem
774 852 881 913 sensum
893 854 945 913 ha·

266 934 359 1003 bere,
374 954 461 1015 quem
478 934 578 996 scirem
594 934 672 995 nulla
689 935 719 993 in
738 954 771 994 re
788 933 944 1015 quidquam

263 1014 354 1074 simile
369 1014 492 1075 hominis
509 1015 625 1077 habere.
937 1059 941 1066 ι

302 1092 379 1154 XV.
402 1094 481 1155 Tum
503 1097 628 1176 primum
648 1094 797 1167 intellexi,
815 1091 853 1156 ad
876 1113 943 1155 eam

259 1194 322 1234 rem
338 1173 405 1233 istos
424 1175 526 1236 fratres
547 1174 704 1256 Cybiratas
721 1174 821 1249 suille,
841 1191 873 1234 ut
890 1172 943 1235 isle

259 1256 289 1312 in
310 1254 433 1314 furando
458 1256 590 1315 manibus
619 1255 695 1326 suiS,
715 1256 806 1314 oculis
826 1254 943 1313 illorum

260 1350 397 1394 uteretur.
414 1334 455 1393 At
465 1338 505 1395 ita
515 1333 653 1395 studiosus
668 1334 709 1395 est
725 1333 809 1412 hujus
824 1333 944 1413 praecla÷

260 1434 299 1472 rae
319 1413 554 1487 existimationis,
570 1430 601 1474 ut
619 1431 737 1495 putetur
757 1418 787 1473 in
804 1411 879 1473 hisce
896 1430 945 1472 re·

261 1495 315 1552 bus
330 1493 494 1575 intelligens
506 1492 562 1554 esse
574 1539 583 1567 ,
597 1511 628 1553 ut
645 1513 737 1575 nuper
749 1500 763 1567 (
770 1493 870 1554 videte
889 1492 946 1552 ho·

259 1577 344 1634 minis
363 1576 539 1647 amentiam)
559 1572 744 1655 posteaquam
758 1572 798 1635 est
818 1594 945 1654 compe·

259 1655 425 1715 rendinatus
435 1700 444 1727 ,
455 1676 543 1736 quum
553 1652 612 1733 jam
621 1677 676 1736 pro
688 1654 845 1728 damnato,
862 1676 945 1714 mor·

259 1752 370 1816 tuoque
387 1733 476 1809 esset,
495 1735 566 1795 ludis
578 1734 762 1797 Circensibus
771 1738 856 1797 mand
866 1732 944 1817 apud

259 1814 295 1875 L.
307 1815 475 1891 Sisennam,
491 1818 584 1877 virum
599 1818 784 1897 primarium,
800 1838 888 1899 quum
898 1815 945 1877 es·¹

259 1894 320 1955 sent
337 1898 456 1957 triclinia
475 1895 577 1970 strata,
593 1914 803 1979 argentumque
820 1899 943 1977 exposi-
1021 1916 1023 1919 ’

259 1991 323 2034 tum
335 1979 365 2035 in
381 1977 488 2037 aedibus
500 1999 509 2051 3
544 1999 611 2037 uum
625 2000 680 2057 pro
695 1978 833 2058 dignitate
847 1977 880 2037 L.
898 1976 944 2044 Si·¹

259 2055 354 2116 sennae
382 2058 485 2118 domus
511 2078 527 2120 e
551 2076 579 2124 et
603 2058 690 2138 plena
715 2058 865 2118 hominum
886 2055 944 2116 ho·
979 2067 981 2071 '

259 2134 507 2212 nestissimorum,
531 2141 673 2198 accesserit
698 2139 735 2197 ad
762 2146 941 2219 argentum3

259 2219 451 2298 contemplari
460 2220 686 2301 unumquodque
698 2219 791 2280 otiose
803 2264 813 2292 ,
826 2218 857 2277 &
870 2239 943 2276 con·

259 2297 384 2359 siderare
413 2301 533 2380 coeperit
552 2302 673 2359 :mirari
701 2299 844 2360 stultitiam
872 2299 942 2370 alii,

259 2379 338 2459 qudd
361 2382 389 2439 in
411 2380 472 2469 ipso
494 2378 627 2458 judicio,
646 2380 707 2458 ejus
725 2381 811 2461 ipsius
828 2379 941 2457 cupidi-

258 2462 353 2531 tatis,
382 2481 461 2538 quus
488 2462 724 2532 insimularetur,
753 2459 942 2538 suspicionem

255 2556 377 2619 augeret
400 2561 407 2598 ε
429 2541 475 2599 alii
495 2544 672 2614 amentiam,
692 2542 737 2599 cui
765 2559 943 2619 comperen-

258 2619 380 2692 dinato,
399 2641 488 2700 quum
508 2639 566 2679 ram
584 2621 665 2680 multi
684 2619 768 2681 testes
791 2618 943 2695 dixissent,
1038 2692 1040 2697 Ι

258 2697 414 2778 quidquam
443 2700 559 2760 illorum
573 2705 700 2779 :ueniret
727 2705 756 2759 in
783 2717 913 2761 mentem
948 2748 950 2753 .

257 2781 340 2856 pueri
362 2796 459 2837 autem
480 2778 628 2852 Sisennae,
646 2779 757 2851 credo,
788 2783 836 2860 qui
861 2801 878 2838 a
918 2780 926 2795 ⁹

258 2853 383 2928 sissent,
414 2878 476 2935 quae
495 2861 523 2917 in
550 2857 633 2918 istum
663 2857 824 2918 testimonia
851 2879 867 2919 e
916 2864 918 2869 '

258 2935 473 3013 diua,0cu10s
496 2938 533 3000 de
554 2936 608 3001 isto
629 2936 896 3077 nusquadeeiicer
909 2954 919 3009 j

809 3036 839 3096 11]
