2550 4175
403 359 736 436 Actromsll.
766 351 804 432 ιζ
839 365 879 433 V.
917 362 992 454 289

304 479 340 538 in
359 476 454 538 Sicilia
472 478 648 539 immeritum
662 478 776 560 publice
786 478 827 541 est
841 495 994 559 emptum,

294 561 380 640 ·quin
401 558 583 619 Mamertinis
602 579 657 640 pro
682 562 818 639 portione
835 562 996 641 imperare-

293 656 376 714 ·tur,
390 641 455 700 antd
465 639 551 720 quim
562 640 619 699 hoc
633 638 776 700 delettum
784 686 796 713 ‚
830 642 997 700 raeclarum-

307 738 369 801 que
389 720 542 781 consilium
560 718 612 779 iste
629 718 709 779 dedit
716 749 731 791 ·,
746 737 776 780 ut
796 663 832 781 ai
852 723 895 781 his
908 742 996 780 num-

309 821 377 861 mos
394 803 564 881 acciperet,
580 821 614 860 ac
634 799 674 859 sui
689 802 787 860 similis
800 799 878 861 ellet.
892 800 995 883 ltaque

308 883 423 942 tantinn
452 882 544 941 valuit
575 879 651 940 istius
681 881 790 941 decreti
816 881 996 955 mdiorum,

306 980 452 1043 quantum
465 961 565 1023 debuit
575 959 639 1041 ejus
655 960 802 1036 hominis,
818 965 887 1046 qui,
901 984 917 1021 a
933 965 998 1043 qui·

295 1041 366 1103 'bus
378 1042 555 1103 frumentum
566 1062 664 1104 emere
676 1042 833 1119 debuisset,
847 1045 880 1102 iis
896 1043 998 1103 decre·

296 1129 376 1183 'tum
390 1123 572 1185 vendidillet.
593 1123 672 1183 Nam
683 1122 776 1183 statim
787 1124 822 1183 L.
834 1123 974 1184 Metellus
985 1168 997 1198 ,

311 1220 345 1264 ut
356 1203 399 1264 isti
409 1203 543 1265 successit
555 1249 565 1277 ‚
578 1223 614 1263 ex
627 1202 666 1263 C.
682 1203 866 1277 Sacerdotis,
882 1205 914 1263 ὃ(
928 1203 997 1264 Sex.

298 1283 445 1345 'Peducaei
459 1283 608 1358 instituto,
627 1304 662 1343 ac
677 1284 797 1358 litteris,
820 1283 997 1346 frumentum

310 1365 497 1427 Mamertinis
507 1366 671 1445 imperavit.

301 1470 304 1474 ’
356 1445 472 1507 XXII.
495 1444 575 1506 Tum
591 1444 632 1504 illi
648 1443 874 1515 intellexerunt,
892 1441 922 1503 se
943 1442 974 1503 id
988 1457 1003 1518 ‚'

309 1526 509 1607 quodamalo
525 1524 643 1586 audone
661 1522 813 1596 emiffent,
829 1524 933 1584 diutius
946 1524 1000 1585 ob-

295 1610 408 1669 ·tinere
423 1629 484 1668 non
522 1604 593 1669 olle.
614 1604 682 1688 Age
700 1625 814 1686 porro,
834 1622 887 1679 tu,
901 1607 950 1688 qui
967 1621 1000 1665 te

314 1703 377 1748 tam
387 1688 439 1749 reli
458 1629 550 1748 iodim
563 1685 715 1748 existimari
726 1684 839 1746 voluisti
857 1689 1000 1768 interpre-

311 1785 377 1830 tem
396 1709 563 1838 foederum,
589 1788 638 1827 cur
665 1766 910 1828 Taurominitanis
938 1766 1001 1826 fru-

314 1865 473 1921 mentum,
491 1870 541 1907 cur
557 1844 671 1906 Netinis
687 1845 858 1927 imperasti?
876 1868 1000 1928 quarum

314 1932 466 1990 civitatum
477 1944 597 2005 utraque
614 1925 757 1985 foederata
768 1925 819 1985 est.
836 1929 880 1986 Ac
899 1925 1001 1987 Netini

294 2041 298 2048 ·
315 2009 437 2093 quidem
454 2008 508 2066 sibi
523 2026 584 2064 non
599 2003 752 2064 defuerunt
765 2024 851 2063 :nam
863 2005 947 2064 simul
966 2028 1002 2067 ac

294 2120 300 2135 ·
315 2085 507 2173 pronuntiasti
520 2130 529 2158 ‚
546 2085 670 2145 libenter
681 2103 710 2145 te
725 2083 907 2145 Mamertinis
920 2088 1003 2167 quid-

316 2172 388 2231 dam
408 2170 556 2230 remittere
572 2185 582 2239 ;
599 2182 629 2226 te
646 2165 795 2240 adierunt,
813 2167 845 2226 δι
865 2166 1003 2228 eamdem

265 2298 268 2303 ι
316 2252 397 2313 suam
430 2247 544 2310 causam
571 2245 690 2307 foedetis
723 2244 779 2307 effe
809 2247 1002 2308 docuerunt:

296 2360 299 2365 ·
316 2350 350 2393 tu
369 2331 452 2391 aliter
471 2329 629 2389 decernere
648 2330 678 2386 in
697 2327 800 2388 eadem
828 2327 908 2389 causa
940 2350 1003 2388 non

317 2409 447 2496 potuisti.
481 2409 680 2481 Pronuntias‚
712 2407 836 2469 Netinos
869 2409 1003 2470 frumen-

317 2512 382 2554 tum
400 2491 469 2552 date
486 2512 547 2550 non
560 2506 699 2570 oportere
716 2510 723 2548 :
744 2490 776 2548 ὃ(
791 2491 827 2549 ab
844 2489 886 2550 his
904 2507 1004 2551 tamen

318 2575 419 2657 exigis.
449 2569 537 2632 Cedo
564 2571 635 2630 mihi
663 2568 792 2647 ejusdem
808 2575 935 2652 praetoris
958 2574 1006 2631 lit-

318 2672 420 2724 teras,
439 2653 471 2712 &
489 2671 585 2711 retum
603 2651 806 2725 decretarum,
827 2655 859 2713 &
874 2652 1006 2712 frumen-

317 2738 342 2794 ti
365 2734 522 2812 imperati,
550 2732 582 2791 &
608 2734 693 2791 tritici
720 2734 821 2810 empti.
847 2733 1005 2793 LmTunAE

322 2828 504 2873 anronts
524 2828 642 2872 Renum
661 2828 1009 2887 DECRETARUM,FR11·

298 2890 308 2929 ¹.
323 2908 432 2954 MENTI
457 2907 650 2968 internam,
678 2910 717 2952 ετ
739 2908 871 2952 muner
893 2914 1008 2954 nuum.

368 2975 469 3033 Turnus
505 2971 567 3035 11⁷.
861 2974 887 3033 N
