2550 4175
266 146 994 418 —

438 605 691 676 Acrrours
716 602 761 672 IL
786 603 823 672 l,
844 602 914 672 111.
951 617 1024 696 145

343 718 395 780 alit
408 740 522 801 quoque
533 722 651 801 plures,
665 722 714 802 qni
728 718 807 786 idem
816 716 939 778 fecerint
950 735 958 775 :
969 715 1027 776 ab·

345 797 450 859 solvite
466 803 552 860 etiam
573 800 638 861 illos
650 845 661 873 ,
683 800 707 859 si
731 801 780 881 qui
802 797 887 870 sunt;
911 812 943 856 ut
964 809 1026 858 uno

345 874 455 1017 {pdicio
471 879 558 961 quitrn
575 881 715 962 plurimos
727 880 767 939 im
788 878 876 939 rohos
888 873 1027 938 liberetis.

379 960 442 1019 eid
462 960 579 1041 quidem
595 959 658 1020 satis
682 957 722 1019 est
741 980 748 1018 :
769 901 853 1018 iscire
870 974 902 1017 ut
922 958 1026 1019 ceteris

345 1040 464 1121 posthac
475 1041 555 1102 idem
568 1039 674 1101 liceat:
691 1040 797 1100 licebit.
813 1037 1026 1120 Adhucparurn

346 1116 388 1179 est
399 1139 406 1176 :
419 1123 597 1202 permittite,
615 1138 647 1181 ut
668 1120 776 1192 liceat,
794 1120 894 1199 quanti
909 1116 1027 1258 qpisque

347 1199 442 1274 velit,
465 1203 536 1262 tanti
556 1199 676 1261 aestimet
699 1220 707 1260 ι
732 1198 890 1260 aestimabit.
943 1197 1028 1259 idetis

345 1276 405 1360 jam
423 1280 578 1361 prosette,
591 1280 725 1353 ludices,
741 1282 794 1342 hac
813 1278 999 1340 aestimatione
1009 1301 1028 1340 a

346 1360 432 1420 vobis
441 1362 653 1444 comprobati,
666 1382 760 1442 neque
774 1362 895 1422 modum
908 1357 1028 1441 posthac

346 1442 471 1503 avaritiae
484 1439 649 1525 cujusquam
662 1486 671 1516 ,
682 1459 778 1523 neque
789 1462 905 1523 poenam
917 1446 1030 1522 impro-

346 1521 442 1580 bitatis
459 1523 596 1582 futuram.

390 1620 458 1662 222.
477 1603 561 1682 Quas
579 1603 679 1662 ubres
693 1600 762 1683 quid
771 1602 850 1682 agis,
864 1597 1029 1660 Hortensi?

345 1679 446 1739 consul
464 1702 496 1743 es
512 1682 676 1763 designatus
704 1702 712 1739 t
738 1681 919 1762 provinciam
941 1679 1029 1740 sorti·

347 1776 394 1820 tus
413 1780 443 1821 es
469 1782 476 1821 :
501 1761 538 1821 de
556 1761 742 1822 aestimatione
759 1781 848 1842 quum
866 1760 945 1819 dices
968 1758 1031 1819 fru-

346 1843 459 1915 menti,
477 1844 516 1902 sic
531 1859 561 1901 te
581 1842 750 1913 audiemus,
765 1841 847 1921 quasi
867 1839 923 1914 id,
947 1839 1028 1922 quod

347 1921 384 1980 ab
400 1919 453 1982 isto
468 1921 546 1982 recle
559 1920 667 1982 fadum
679 1919 734 1981 elle
749 1919 907 1994 defendes,
920 1935 949 1980 te
964 1919 1029 1980 fac-

348 2017 444 2061 turum
460 2001 638 2084 profiteare,
661 2005 693 2062 &
711 2003 814 2082 quasi,
834 2000 915 2084 quod
932 1999 975 2062 isti
989 2002 1029 2062 li·

347 2084 436 2141 citum
457 2081 513 2144 effe
531 2083 632 2158 dices,
653 2083 843 2144 vehementer
858 2083 955 2164 cupias
976 2084 1029 2145 tibi

348 2161 448 2222 licere.
467 2163 581 2244 Atqui,
597 2167 620 2223 si
634 2164 665 2222 id
676 2164 792 2239 licebit,
809 2164 878 2223 nihil
889 2162 931 2224 est
949 2164 1030 2245 quod

347 2245 456 2323 putetis
476 2262 649 2324 quemquam
660 2242 778 2323 posthac
794 2242 1030 2320 commissurum,

349 2338 383 2381 ut
395 2322 432 2382 de
449 2325 578 2402 pecuniis
589 2324 755 2404 repetundis
765 2325 952 2386 condemnari
962 2346 1032 2404 pos-

349 2403 396 2463 sit.
425 2402 575 2482 Quantam
602 2405 680 2464 enim
704 2404 821 2488 quisque
849 2408 1030 2486 concupierit

349 2484 527 2566 pecuniam,
549 2501 657 2545 tantam
678 2484 776 2546 licebit
796 2507 849 2566 per
867 2487 946 2557 cellae
973 2508 1030 2547 no-

349 2584 437 2639 men,
461 2563 653 2626 aestimationis
678 2566 899 2648 magnitudine,
923 2567 1029 2629 conse·

348 2663 463 2727 quatur.

390 2724 520 2787 XCVI.
539 2724 582 2785 At
599 2727 678 2787 enim
696 2724 736 2787 est
754 2726 912 2806 quiddam,
928 2729 1028 2807 quod,

350 2807 438 2867 etiam
459 2808 482 2865 si
498 2806 594 2887 palam
610 2808 642 2865 iu
666 2806 851 2868 defendendo
877 2829 936 2868 non
961 2808 1029 2867 dicit

350 2884 547 2961 Hortensius,
570 2904 668 2947 tamen
691 2890 730 2948 ita
752 2887 838 2961 dicit,
862 2905 893 2947 ut
917 2909 972 2949 vos
999 2889 1030 2948 id

349 2963 505 3046 suspicari,
528 2968 561 3027 &
582 2970 711 3050 cogitare
731 2971 867 3048 possitis;
885 2972 1032 3049 pertinere

350 3046 408 3105 hoc
426 3046 462 3104 ad
473 3049 665 3109 commodum
682 3048 855 3109 senatorium
868 3068 875 3105 :
888 3053 1032 3129 pertinere

351 3124 390 3186 ad
410 3124 557 3185 utilitatem
581 3149 685 3193 eorum
699 3130 747 3211 qui
765 3126 894 3209 judicent
910 3175 919 3202 ‚
937 3132 1035 3211 quiin

396 3208 494 3266 Tomus
527 3207 589 3277 ΙΙΙ.
882 3207 912 3271 G
