2550 4175
331 400 405 471 268
517 399 855 470 InVnnnnrr

326 512 488 598 frugalitate
497 527 507 587 3
517 514 624 577 virtute
633 557 646 589 5
655 516 704 576 dili
725 514 801 577 entii
811 514 903 574 dicam
915 534 923 573 t
936 525 1013 595 praeo'

326 594 482 654 termitram
491 592 563 654 illud
581 597 689 670 etiam,
700 536 745 658 {a
761 616 822 678 quo
835 612 919 655 antea
931 595 1010 668 dixi,

316 671 457 734 fortunas
463 672 529 758 ejus
545 675 764 738 itaconffitutas
774 673 853 755 fuisse
863 720 873 750 ,
882 674 991 735 familia
1000 683 1017 749 ,'

326 773 457 835 pecore,
473 754 568 830 villis,
621 759 710 818 cuniis
725 757 839 836 creditis
851 800 861 829 ,
872 772 905 834 ut
916 757 1012 815 nerni-

326 836 357 894 ni
375 837 470 895 minits
493 855 568 917 expe
589 839 667 912 iret,
686 838 777 898 ullum
795 840 824 896 in
846 835 942 896 Sicilia
961 852 1011 894 ru-

325 913 450 975 multum
461 959 471 988 ‚
481 933 530 975 aut
544 916 658 986 bellum
667 918 851 979 commoveri
866 937 874 975 ε
892 936 953 976 non
964 916 1012 974 di·

327 1014 392 1056 cam
403 1016 441 1057 ne
452 995 524 1055 illud
536 993 676 1079 quidem,
696 1000 720 1057 si
737 996 863 1075 maxime
881 996 910 1054 in
928 995 1012 1076 culpa

326 1074 413 1136 suerit
426 1075 604 1156 Apollonius
615 1105 625 1154 ·,
641 1075 786 1156 tamenin
795 1078 946 1136 hominem
957 1076 1014 1136 lto·

325 1154 538 1236 neffissimum,
558 1157 682 1218 clvitatis
698 1156 929 1228 honestissimaej
950 1171 1011 1217 tam

326 1237 456 1332 grauiter
471 1235 664 1309 animadverti
677 1282 687 1313 ,
700 1238 786 1300 causi
806 1233 914 1297 muttit
924 1253 942 1311 ,’
950 1256 1012 1298 non

328 1315 556 1460 opppqupaspuam
574 1389 714 1459 invidiam
730 1389 760 1459 in
776 1413 829 1472 te,
851 1416 890 1458 ne
907 1417 944 1458 ex
958 1397 1012 1458 illis

327 1479 448 1561 quidem
466 1478 552 1540 rebus
564 1481 721 1541 concitabo
735 1525 745 1554 ‚
758 1500 847 1560 quum
861 1475 930 1539 eslet
949 1479 1013 1538 ralis

327 1560 374 1620 vir
388 1561 420 1618 in
436 1579 572 1635 carcere,
585 1563 616 1618 in
635 1561 763 1621 tenebris
775 1561 835 1632 ‚in
858 1557 988 1639 squalore
1002 1601 1012 1631 ,

328 1640 367 1699 in·
382 1637 512 1700 sordibus
530 1684 540 1713 ‚
559 1635 730 1720 atyrannicis
754 1637 910 1698 interdielis
936 1640 1013 1712 tuis,

328 1721 405 1801 patri
421 1715 519 1780 errasti
546 1735 655 1791 maeel,
675 1721 720 1779 δι’
732 1715 908 1778 adolescenti
929 1716 1014 1793 filio,

329 1795 456 1859 erlandi
465 1799 504 1858 ad
512 1797 592 1858 illurn
603 1798 736 1880 misenum
750 1795 923 1879 potestatem
930 1818 1016 1859 num·

329 1878 492 1962 qnam'esse
508 1878 631 1940 fallam:
646 1883 734 1941 etiam
748 1878 1014 1960 illud-prateribo,

329 1960 575 2043 quotiescumque
584 1960 761 2023 Panormun't
769 1962 885 2038 veneris
897 1960 948 2020 illo
964 1982 1017 2040 an·

330 2062 394 2119 uo,
415 2041 449 2104 δ’(
461 2040 509 2104 sex
527 2043 675 2105 mensibus
688 2050 704 2123 (
716 2062 785 2104 nam
796 2041 907 2102 tamdiu
923 2040 976 2102 fuit
984 2043 1016 2104 in

330 2125 447 2186 carcere
461 2122 663 2205 Apollonius)
678 2127 766 2185 toties
783 2123 821 2183 'ad
837 2139 867 2184 te
885 2122 1016 2184 senatum

331 2202 567 2269 Panormitanum
587 2201 674 2264 adisse
694 2203 852 2284 supplicem
867 2223 934 2263 cum
950 2222 1017 2261 ma-

332 2282 770 2366 gistratibut,-sacerdutibusque
780 2283 919 2364 publicis,
929 2301 1016 2340 oran-

331 2368 415 2438 tem,
431 2381 518 2445 atque
526 2361 747 2439 obsecrantem,
757 2376 789 2420 ut
799 2360 953 2442 aliquando
963 2359 1013 2422 ille

331 2442 436 2518 misen
449 2460 536 2525 atque
549 2440 691 2503 innocens
701 2441 863 2502 calamitate
878 2440 927 2499 illai
943 2439 1016 2520 libe-

333 2522 462 2584 teretur:
478 2522 715 2603 relinquamhaec
726 2523 825 2582 omnia
835 2565 845 2594 ,
855 2539 920 2602 quae
931 2522 954 2580 si
964 2542 1018 2583 ve·

331 2604 385 2665 lim
399 2601 549 2685 persequi,
565 2594 649 2662 facile
666 2599 817 2662 ostendam
827 2600 897 2676 ,tua
907 2603 1015 2664 crude-

331 2685 414 2747 litate
422 2685 451 2743 in
464 2682 554 2754 alios,
566 2700 670 2743 omnes
685 2677 737 2743 tibi
751 2681 844 2742 aditus
854 2680 1018 2746 misericor·

333 2766 389 2829 dia
400 2761 414 2793 ·“
438 2763 534 2825 dicum
551 2759 724 2848 jampridem
736 2760 798 2844 ,esse
812 2762 975 2846 praeclusos.

341 2882 344 2887 ·
367 2843 392 2906 ,1
425 2888 434 2909 ‚
459 2844 571 2908 Omnia
585 2846 603 2905 -i
624 2846 679 2906 'tur
704 2841 756 2907 ista
776 2844 960 2918 concedam,
982 2845 1016 2906 δι

334 2928 525 3012 remittamrp
585 2927 593 2941 '
616 2926 849 3011 emeaimqmd
864 2928 900 2992 rit
912 2925 1018 3004 desem,
