2550 4175
390 365 645 435 Actionis
670 355 718 431 ΙΙ.
743 358 780 430 L.
804 356 875 432 m.
922 369 975 452 25·

293 473 425 559 profiteri
442 478 512 540 esset
531 476 666 553 difficile,
684 493 733 538 aut
747 474 868 557 amplius
885 476 971 535 etiam

294 556 425 638 profiteri
449 557 462 639 (
482 559 550 697 <gud
573 561 651 619 enim
671 558 701 618 in
720 577 758 618 eo
773 555 891 637 periculi
915 552 972 616 effe

295 635 438 718 poffetd)
458 637 486 699 se
528 637 608 700 causa
624 655 685 699 erat
709 633 973 717 'udiciipostula'n-

295 717 349 792 di,
368 717 452 797 qubd·
464 715 618 784 ex'edieto
642 739 677 800 pr
711 715 782 777 effus
798 736 858 776 non
880 713 971 776 effeta

293 794 432 876 judicium
442 815 539 861 autem
559 798 639 882 quod
656 797 741 861 suerit
756 793 811 856 isto
826 811 973 877 praetore,

293 880 341 950 si,
362 898 431 957 quae·
441 878 568 953 cohors,
584 880 615 939 &
627 879 682 956 ·qui
700 878 850 937 comitatus
869 875 973 949 fuerit,

293 959 481 1032 meministis,
495 958 564 1019 scire
578 958 700 1020 debetis.
716 956 799 1038 Quid
812 958 896 1038 igitur
909 955 973 1029 est,

291 1037 375 1119 quod
392 1058 428 1102 ex
448 1038 669 1120 hac.iniquitate
687 1053 838 1099 'novorum
863 1036 974 1097 edicto·

294 1139 358 1177 rum
376 1118 496 1200 intelligi
513 1120 624 1192 velim,
646 1118 761 1187 Iudices
773 1117 783 1177 ἓ
797 1113 984 1195 iniuriamne·

293 1197 516 1272 fadtamseciis'?
535 1203 569 1260 at'
576 1199 693 1261 videtis.
709 1197 921 1258 Audieritatem
930 1197 976 1256 su·

294 1280 659 1360 periorumrepudiatam?
675 1299 735 1340 non
751 1277 868 1348 audebit
879 1283 980 1359 mega·

295 1356 479 1436 ae.Tann1m
493 1359 657 1441 Apronium
668 1356 721 1430 isto
730 1374 854 1440 praetore
866 1356 977 1440 potuis·

295 1436 323 1498 se
332 1439 346 1501 ἓ
356 1437 541 1514 confiteatur,
554 1438 668 1501 necesse
682 1438 732 1499 est.

305 1554 308 1558 -
336 1515 436 1577 XVI.
458 1518 517 1578 Sed
530 1541 585 1592 vos
605 1516 741 1593 fortaffe‚
760 1516 840 1600 quod
854 1523 910 1579 v'os
925 1516 974 1578 lex

294 1615 465 1675 commonet
476 1643 485 1671 ,
496 1600 526 1659 id
542 1603 571 1659 in
584 1600 641 1659 hoc
655 1599 722 1659 loco
740 1599 870 1679 quaeretis
883 1620 973 1672 ,num

294 1699 364 1759 quas
381 1693 418 1740 ex
431 1678 507 1739 hisce
520 1680 608 1741 rebus
617 1680 887 1761 pecuniasceperit.
902 1677 982 1764 'Do-¹

295 1755 371 1818 cebo
384 1757 515 1838 ,cepiffe
529 1762 667 1820 maximas
678 1758 852 1841 ‚omnesque
862 1777 911 1821 eas
923 1762 975 1819 ini·

294 1842 437 1918 quitates‚
452 1839 490 1899 de
527 1841 611 1899 uibus‘
625 1858 716 1900 antea·
727 1839 806 1913 dixi,
821 1839 862 1899 sui
882 1837 971 1921 quaes-

293 1917 439 1999 tds'causd
448 1939 503 1977 con
529 1918 617 1979 'tuiffe
626 1922 761 1993 vincam,
775 1922 798 1978 si
812 1922 889 2000 prius
901 1920 973 1980 illud

294 1998 565 2079 propugnandum,
583 2019 642 2078 quo
654 2015 757 2057 contra
770 2018 873 2058 omnes
887 2019 980 2060 meos·

294 2081 418 2159 impetus
440 2075 553 2138 usurum
574 2075 603 2139 se
623 2093 726 2160 putat,
743 2097 780 2139 ex
803 2076 973 2142 defensione

295 2157 359 2236 ejus
381 2155 527 2238 dejecero.
551 2158 688 2242 Magno,
705 2161 819 2242 inquit,
834 2159 971 2221 decumas

292 2239 423 2300 vendidi.
440 2239 522 2318 Quid
536 2240 599 2300 ais?
616 2261 653 2300 an
670 2256 701 2299 tu
712 2241 864 2315 decumas,
877 2241 971 2302 homo

294 2320 482 2399 audacissime
506 2336 593 2403 atque
623 2322 840 2395 amentissime,
864 2322 971 2382 vendi-

294 2398 382 2461 disti?
396 2415 429 2458 tu
470 2417 543 2460 artes
558 2420 628 2475 eas,
647 2410 719 2482 quas'
736 2419 766 2462 te
783 2401 893 2463 senatus
907 2425 970 2483 po-

293 2478 432 2563 pulusque
448 2422 598 2547 iiomanus
612 2484 734 2555 moluit,
747 2503 784 2541 an
799 2481 903 2541 fructus
922 2487 970 2541 in-

292 2580 416 2643 tegros,
439 2576 524 2642 atque
551 2562 626 2622 adeo
653 2562 756 2635 bona,
784 2561 969 2644 fortunasque

293 2646 439 2703 arato'aum
472 2658 576 2702 omnes
597 2638 782 2721 ,vendidistid
813 2641 844 2702 Si
872 2643 968 2724 palam

293 2740 391 2802 paaeco
413 2718 484 2799 juss'u
505 2737 556 2781 tuo
573 2718 773 2803 ‘ptaedicaffet,
792 2744 853 2783 non
879 2723 967 2799 decu·

294 2821 356 2861 mas
365 2799 520 2877 frumenti,
536 2802 586 2863 sed
603 2803 732 2862 dimidias
741 2806 841 2864 venire
852 2819 969 2884 partes,

297 2879 381 2940 &ita
395 2899 544 2961 emptores
559 2881 759 2960 accessissent,
774 2900 806 2944 ut
821 2885 859 2943 ad
882 2880 975 2946 dimi-³

338 2961 439 3033 Tamus
474 2963 533 3031 IV.
825 2963 847 3022 B

1071 2960 1074 2967 ,
1093 2886 1100 2955 i
