2550 4175
280 400 349 471 108
449 400 508 467 ln
537 404 752 468 Vennum

273 515 347 575 hanc
357 512 494 574 frumenti
507 518 686 595 emptionem
697 511 884 575 Siciliensem
900 534 975 595 ptos

274 596 313 677 pe
332 596 439 656 centies
452 595 484 653 &
497 597 592 656 tricies
609 613 762 676 erogatum
782 592 838 655 est.
967 645 969 650 .

319 676 385 749 164.
415 675 500 735 Hanc
525 679 677 756 pecuniam
704 692 840 748 tantam,
865 674 972 738 datam

274 756 327 816 tibi
345 776 381 816 ex
400 758 499 815 aerario
518 756 599 837 inopi
619 773 707 836 atque
725 754 897 816 exhausto:
918 756 973 816 da<

275 853 335 895 tam
355 836 391 896 acl
411 835 608 907 frumentum,
624 836 682 897 hoc
701 833 743 896 est
755 882 764 907 ,
778 836 819 897 ad
831 837 971 897 necessi·

276 934 369 977 tatem
388 916 481 976 salutis
502 917 533 977 &
547 920 614 976 vitae
637 939 644 975 :
666 916 785 989 datam,
807 932 841 975 ut
862 914 968 976 Siculis

274 998 457 1069 aratoribus,
472 998 572 1077 quibus
588 1014 667 1056 tanta
688 1018 779 1057 onera
798 996 970 1076 respublica

273 1077 463 1157 imponeret,
481 1076 640 1138 solveretur
657 1098 664 1136 :
682 1078 733 1136 abs
752 1094 783 1136 te
800 1079 842 1136 sic
857 1077 970 1138 lacera.-

275 1174 337 1218 tam
356 1156 412 1219 elle
435 1157 524 1230 dico,
546 1174 577 1216 ut
593 1159 702 1238 possim
718 1157 789 1217 illud
806 1156 969 1236 probare,

275 1241 301 1299 si
316 1240 426 1312 velim,
443 1258 563 1299 omnem
583 1255 614 1298 te
636 1238 710 1297 hanc
727 1240 891 1318 pecuniam
913 1237 970 1298 do·

274 1340 356 1381 mum
370 1336 448 1379 tuam
466 1316 614 1379 avertisse:
630 1321 738 1378 etenim
752 1321 793 1377 sic
806 1318 888 1377 itanc
904 1338 969 1379 rem

275 1416 370 1460 totam
388 1397 582 1460 administrasti
595 1442 604 1468 ,
618 1415 650 1457 ut
666 1398 723 1458 hoc
735 1442 746 1469 ‚
768 1397 855 1479 quod
876 1398 946 1460 dico
958 1443 973 1473 ‚

297 1481 392 1541 tobati
408 1480 571 1562 aequissimo
592 1476 680 1556 judici
698 1480 803 1559 possit.
822 1478 889 1539 Sed
909 1499 968 1561 ego

273 1502 390 1621 Habebo
400 1564 545 1620 rationem
556 1558 729 1620 auslotitatis
744 1578 819 1618 meae
834 1580 842 1617 r
858 1562 970 1620 memi-

273 1660 369 1713 nero,
386 1661 444 1719 quo
467 1642 589 1711 animo,
606 1660 666 1719 quo
689 1639 814 1700 consilio
832 1640 874 1699 ad
896 1662 972 1702 cau-

274 1718 334 1780 sam
344 1720 489 1800 publicam
501 1716 662 1779 accesserim
675 1738 681 1777 :
695 1740 756 1779 non
768 1731 784 1779 'a
806 1740 855 1779 am
866 1737 972 1781 tecum

274 1799 470 1861 accusatorie:
486 1799 555 1859 nihil
574 1797 681 1880 fingam
700 1819 708 1860 ι
732 1740 804 1859 nihil
827 1803 969 1882 cuiquam

274 1882 393 1962 probati
402 1881 491 1941 velim
500 1925 513 1954 ,
521 1901 568 1940 me
582 1879 717 1952 dicente,
728 1880 812 1958 quod
821 1902 889 1942 non
901 1882 970 1944 ante

273 1963 414 2024 mihimeti
437 1964 459 2021 si
471 1962 624 2043 probatum
636 1964 682 2020 sit.

322 2043 387 2126 165.
406 1984 440 2104 sit
456 2044 509 2104 hac
525 2044 647 2124 pecunia
664 2041 802 2122 publica,
819 2040 971 2120 Iudices,

274 2122 338 2186 ltaec
348 2123 440 2185 insunt
456 2128 509 2183 tria
513 2144 626 2262 ¹penem
642 2122 795 2183 furtorum.
808 2121 947 2186 Primitm
957 2169 972 2198 ‚

275 2226 365 2287 quum
385 2205 511 2284 positae
535 2221 564 2263 et
582 2205 705 2283 pecunia
717 2201 794 2283 apud
809 2223 861 2264 eas
871 2203 970 2266 socie-

274 2301 371 2358 tates,
393 2284 470 2345 unde
488 2300 548 2344 erat
567 2283 718 2355 attributa,
734 2283 809 2342 binis
830 2288 970 2349 centesi-

274 2368 328 2426 mis
350 2362 506 2425 soeneratus
525 2361 566 2423 est
586 2384 593 2421 :
612 2363 717 2423 deinde
730 2407 740 2433 ,
755 2366 915 2443 permultis
926 2369 970 2428 ci·

274 2446 410 2506 vitatibus
428 2466 486 2525 pro
500 2444 647 2505 frumento
672 2443 744 2503 nihil
756 2442 844 2504 solvit
868 2449 969 2509 omui·

274 2548 316 2588 no
330 2547 337 2586 :
351 2522 522 2606 postremo,
538 2527 561 2583 si
578 2527 623 2583 cui
639 2525 748 2585 civitati
763 2523 874 2599 solvit3
898 2544 970 2588 tan·

273 2624 337 2666 tum
354 2606 496 2677 detraxit,
513 2621 652 2685 quantum
670 2604 864 2665 commodum
888 2605 971 2671 suite

274 2687 365 2759 nulli,
420 2686 459 2747 od
480 2687 608 2746 debitum
629 2684 669 2745 est
683 2730 695 2756 ,
709 2684 847 2746 reddidit,

277 2786 280 2793 ·
314 2765 378 2827 LX
420 2766 443 2828 l.
457 2765 503 2827 Ac
519 2768 643 2848 primitm
660 2767 717 2826 hoc
736 2785 773 2825 ex
790 2782 822 2825 te
840 2787 972 2848 quaro:

273 2864 306 2910 tu
316 2846 383 2922 ,cui
399 2848 543 2928 publicani
563 2868 599 2909 ex
609 2845 769 2928 Carpinatii
779 2845 884 2907 litteris
894 2871 972 2932 gra-

271 2931 325 2995 tias
352 2946 495 3015 egerunt,
515 2931 644 3013 pecunia
662 2926 784 3011 publica
799 2946 838 2990 ex
858 2933 975 2997 aeratio
