2550 4175
297 403 369 474 124
467 381 523 448 IN
559 384 780 449 VERREM

289 512 372 555 tuum
405 514 507 554 munus
531 516 565 554 ac
598 494 774 555 beneficium
807 508 945 553 tueretur
970 491 983 545 ἓ

291 595 354 654 quae
393 576 460 634 orrb
485 574 617 656 praefatio
635 593 692 635 tuae
710 573 882 635 donationis
902 572 958 634 fuit
974 569 987 632 l

289 596 471 714 Illa'llilicet
500 673 613 730 vetus,
644 672 731 736 atque
760 647 981 733 imperatoria?

293 738 413 816 Quando
430 751 459 794 tu
476 736 582 813 quidem
601 738 633 795 in
651 735 769 817 proelio,
787 735 819 792 in
835 734 937 807 bello,
953 736 986 793 in

291 838 318 875 re
339 816 479 875 militari:
501 814 580 891 cujus
602 836 641 876 ne
660 815 770 875 mentio
790 812 937 932 q7uidem,
952 829 983 874 te

290 912 436 977 praetore,
451 895 508 954 ulla
524 893 598 954 fa&
613 892 672 956 est:
689 915 727 953 an
740 894 806 953 illa.
837 895 983 974 Quando·

292 979 396 1055 quidem
406 994 436 1036 tu
446 974 526 1034 nulla
541 995 667 1054 umquam
685 976 752 1033 milei
762 975 793 1032 ιἰι
803 975 982 1054 cupiditate,

291 1078 325 1115 ac
349 1057 515 1136 turpitudine
531 1054 636 1137 defieisli
654 1075 668 1127 ,·
686 1052 860 1132 omnibusque
880 1056 911 1114 in
932 1053 984 1133 ies-

291 1140 350 1195 dem
361 1138 482 1216 flagitiis
499 1155 599 1194 mecum
618 1136 647 1194 (e
666 1136 696 1193 in
711 1134 848 1215 legatione
868 1177 879 1208 ,
901 1135 931 1193 &e
953 1136 983 1193 in

287 1235 430 1297 pratum,
448 1216 476 1275 6·
496 1215 540 1274 hic
558 1217 589 1274 in
607 1215 712 1275 Sicilia
730 1212 856 1292 versatus
871 1235 903 1273 es-
920 1236 931 1274 .·
950 1216 983 1274 ob

291 1296 371 1375 hasce
390 1317 451 1374 res,
470 1296 598 1375 quoniam
614 1313 640 1354 ee
654 1295 847 1373 locupletavi,
861 1295 915 1353 lwc
927 1317 984 1355 an-

292 1379 360 1438 nulo
378 1398 461 1437 aureo
478 1378 558 1435 dvno.
575 1373 657 1435 Vera
668 1374 736 1433 'haec
753 1370 849 1433 fuiffet
864 1376 983 1436 oratio:

292 1477 354 1517 non
366 1458 444 1518 enim
455 1454 506 1517 iste
522 1454 642 1514 annulus
651 1473 753 1515 aureus
766 1453 818 1513 abs
829 1468 862 1514 te
877 1454 984 1530 datus,

292 1535 376 1596 istum
390 1540 485 1597 virum
500 1534 630 1609 fortem,
648 1533 698 1594 sed
723 1533 878 1595 hominem
895 1535 985 1605 locu·

291 1618 404 1697 pletem
420 1614 476 1678 effe
485 1615 620 1675 declarat.
629 1611 675 1673 Ita
684 1614 823 1675 eumdem
840 1616 985 1677 annulum

292 1696 330 1756 ab
355 1696 413 1756 alio
441 1695 560 1767 datum,
583 1692 686 1754 testem
712 1696 826 1756 virtutis
853 1695 984 1758 ducere·

292 1795 357 1916 μῖξις
373 1795 381 1834 :
397 1774 448 1834 abs
465 1792 495 1835 te
513 1774 675 1850 donatum,
690 1777 830 1836 comitem
847 1780 985 1858 pecunie

305 1877 322 1915 u
344 1876 460 1918 mamus.
564 1911 567 1915 Α
815 1893 817 1900 -

291 1879 302 1937 J
334 1934 501 1997 LXXXI.
527 1934 672 2011 Dillueu,
699 1934 839 2010 Iudices,
868 1935 916 2000 est'
946 1938 987 2002 de

291 2020 441 2091 decumano
464 2018 636 2079 frumento:
667 2016 772 2077 dietum
801 2016 844 2078 de
865 2037 983 2101 empto:

294 2116 457 2161 extremum
477 2100 664 2179 &reliquum
679 2096 741 2172 est,
759 2096 798 2157 de
823 2100 983 2179 astimaeo:

293 2180 374 2261 quod
401 2200 489 2260 quum
512 2178 711 2259 magnitudine
736 2181 893 2258 pecunia,
919 2196 984 2243 tum

292 2258 403 2338 injuriae
419 2277 527 2341 genere
542 2261 675 2339 quemvis
695 2257 784 2319 dehet
799 2278 984 2324 commove-

293 2358 325 2398 re
345 2359 352 2396 ι
372 2356 434 2397 turn
454 2338 527 2399 verb
550 2340 588 2397 eb
608 2341 725 2420 magis,
748 2338 829 2419 qubd
857 2340 897 2401 ad
924 2341 987 2415 hoc,

293 2421 402 2478 crimen
416 2439 476 2479 non
488 2418 636 2500 ingeniosa
646 2420 745 2500 ¹aliqua
759 2417 896 2483 defensio
907 2464 921 2493 ‚
932 2420 984 2484 sed

292 2498 505 2579 improbissima
523 2498 668 2560 confessio
683 2516 882 2579 comparamr.
902 2501 983 2565 Nam

293 2599 381 2659 quum
392 2599 428 2638 ex
445 2578 686 2655 senattnqconsulto
699 2581 738 2639 δι·
745 2599 781 2639 ex
790 2580 909 2663 legibus
920 2582 985 2645 fm-

293 2676 425 2719 mentum
436 2663 463 2720 ei
470 2662 499 2719 in
509 2659 612 2721 cellam
621 2658 734 2720 sumere
748 2661 852 2721 liceret
869 2684 879 2737 ;
891 2664 984 2747 idque

292 2738 469 2801 frumentum
486 2739 597 2800 senatus
612 2743 650 2800 ita
669 2738 850 2815 aeffima'ffet,
867 2763 987 2825 quater·

292 2821 336 2878 nis
351 2819 416 2880 H-S
425 2822 508 2881 tritici
521 2822 653 2883 modium
667 2821 759 2893 ;binis
768 2820 878 2884 hordei
891 2846 898 2884 :
912 2824 986 2901 iste,

293 2920 415 2963 numero
431 2902 468 2963 ad
484 2901 624 2966 summam
638 2904 723 2965 tritici
734 2900 855 2984 adjello
867 2948 879 2984 ,
892 2908 986 2971 tritici
