2550 4175
342 356 443 427 Pno
467 356 595 428 Lacu
614 357 862 431 Mamm.
887 378 967 455 479

340 470 447 533 (lentini
467 491 477 544 3
498 487 561 534 tum
586 470 696 546 faciliur
724 472 879 551 statuetis,
899 475 972 557 quid

321 553 365 616 nd
391 570 503 614 exterat
531 556 666 620 nationes
693 552 757 617 fieri
791 554 969 620 existimetis.

303 632 395 694 ltrltm
413 634 510 715 plures
526 633 702 702 arbitramini
714 655 768 724 per
781 636 868 699 hosce
878 657 971 702 annot

297 715 411 776 nilitum
427 712 588 778 vestrorum
605 717 712 790 armis,
728 714 850 782 hostium
863 721 971 793 urbes,

295 816 324 858 tn
341 795 489 870 hibernis,
502 794 648 858 sociorum
664 798 796 862 civitates
815 796 872 861 elle
890 799 975 862 dele.-

294 896 332 938 tas
345 875 356 935 l
373 874 477 957 Neque
489 878 566 938 enim
582 875 680 959 potest
693 879 851 948 exercitum
867 882 891 940 is
903 899 976 947 con·

293 958 381 1025 tinere
399 958 560 1037 imperator
572 1002 582 1031 ‚
596 960 646 1041 qui
664 961 694 1028 se
710 957 803 1041 ipsunt
825 980 886 1020 non
901 980 978 1023 conr·

291 1040 384 1109 tinet;
407 1057 502 1117 neque
528 1027 645 1102 severul
664 1037 721 1104 elle
739 1040 769 1102 in
794 1036 978 1122 judicando,

290 1119 341 1259 quil
358 1118 430 1184 alies
446 1120 477 1182 iu
498 1117 527 1180 se
546 1119 665 1183 severos
692 1118 750 1183 elle
774 1118 887 1202 judices
913 1143 976 1187 nun

289 1216 329 1261 vu
341 1214 363 1259 t.

333 1296 381 1360 39.
400 1278 458 1340 Hic
475 1280 635 1351 miramur,
652 1279 730 1342 huuc
741 1280 893 1342 hominem
911 1299 977 1343 tan·

290 1373 354 1424 tum
374 1358 517 1420 excellere
536 1360 661 1433 ceteris,
681 1358 763 1438 cuius
786 1361 916 1443 legiones
938 1365 979 1422 sic

285 1440 321 1502 in
342 1440 443 1502 Atiam
459 1458 655 1519 pervenerunt
668 1484 678 1513 ‚
692 1458 795 1501 utnon
809 1442 900 1503 modi>
912 1463 979 1502 ma-

291 1540 345 1581 nus
358 1524 429 1581 tanti
441 1520 584 1582 exercitus
598 1565 608 1595 ,
621 1519 671 1581 sed
690 1542 727 1582 ne
745 1519 896 1605 vestigium
911 1526 979 1604 qui·-

292 1601 363 1664 dem
393 1602 528 1683 cuiquam
555 1620 662 1684 pacato
691 1602 818 1663 nocuille
844 1603 981 1669 dicatur?

292 1679 360 1746 Jam
376 1683 470 1756 veru,
489 1682 739 1764 quemadmodum
756 1684 861 1746 milites
879 1683 981 1747 hiber·

294 1779 366 1826 nent
378 1806 388 1837 ‚
400 1764 530 1845 quotidie
547 1764 695 1828 sermones
715 1786 747 1826 ac
763 1766 866 1828 litterae
883 1765 981 1849 perfe-

294 1859 396 1904 runtur
411 1863 419 1903 t
436 1864 497 1904 non
519 1846 611 1906 modi>
625 1889 634 1917 ‚
649 1864 681 1906 ut
696 1845 841 1928 sumptum
852 1846 938 1908 faciat
950 1850 980 1910 in

294 1924 443 1996 militem,
463 1926 572 1984 nemini
587 1926 630 1984 vis
650 1923 765 1986 affertur
779 1948 788 1999 3
805 1925 855 1986 sed
875 1947 913 1988 ne
928 1948 984 1988 cu-

295 2005 388 2090 pienti
398 2004 515 2088 quidem
529 2006 661 2083 cuiquam
672 2008 853 2084 permittitur.
869 2006 982 2068 Hiemis

295 2086 402 2158 enim,
425 2105 486 2145 non
509 2086 657 2156 avaritia,
677 2084 840 2168 perfugium
856 2084 983 2164 majores

296 2164 387 2231 nostri
400 2168 429 2231 in
446 2163 590 2225 sociorum
615 2181 702 2247 atque
722 2167 881 2228 amicorum
900 2167 984 2231 rectit

298 2245 358 2310 ess'e
373 2247 539 2307 voluerunt.

342 2325 437 2389 XIV.
456 2327 525 2410 Age
546 2327 618 2389 verb
638 2329 741 2388 ceteris
757 2329 787 2389 in
805 2329 890 2399 rehut
929 2327 986 2389 uali

299 2410 339 2471 ait
354 2411 564 2491 temperandi,
583 2409 776 2471 considerate.
801 2408 889 2470 Unde
906 2350 986 2472 llam
1087 2426 1094 2442 ·

300 2506 411 2557 tantam
428 2491 629 2563 celeritatem,
654 2490 686 2549 &
708 2508 767 2551 tam
787 2491 987 2555 incredibilem

301 2568 414 2633 cursum
428 2573 580 2635 inventum
593 2571 721 2653 putatis?
737 2593 798 2632 non
811 2574 889 2633 enim
904 2574 985 2636 illum

303 2650 410 2712 eximia
418 2655 463 2711 vit
479 2655 551 2715 remi
572 2674 621 2712 um
631 2697 642 2727 ,
654 2671 702 2713 aut
716 2675 762 2712 ars
771 2654 897 2713 inaudita
909 2676 988 2735 quae·

303 2730 374 2792 dam
394 2729 540 2813 gubernatu
561 2735 593 2800 i,
611 2750 660 2791 aut
679 2736 761 2793 venti
785 2735 872 2812 aliqui
893 2736 987 2807 novi,

304 2829 366 2874 tam
376 2811 509 2873 celeriter
519 2812 549 2871 in
560 2809 673 2870 ultimas
687 2828 776 2871 terras
789 2811 986 2890 pertulerunt:

305 2890 357 2970 ¹scd
373 2890 417 2957 het
434 2910 501 2969 res,
516 2910 580 2974 quar
594 2905 710 2954 ceteros
724 2893 864 2982 remorari
875 2891 990 2970 solent,
