2550 4175
269 407 273 415 ¹
344 332 442 402 Pro
467 329 593 400 Lacr
618 276 862 414 Marmara.
893 327 971 424 465

291 443 472 521 Antiocho,
506 468 572 510 cum
596 447 730 530 Philippo
748 490 758 521 ‚
791 466 857 507 cum
889 445 977 507 AEto·

292 525 326 588 lis
347 572 357 602 ,
384 548 450 588 cum
477 526 572 590 Poenis
587 528 665 592 bella
682 527 823 619 gellerunt
839 548 847 587 r
864 544 976 608 quanto

291 626 347 669 vos
367 606 460 669 studio
475 611 636 682 convenit,
654 612 762 686 injuriis
779 624 977 689 provocatos,

291 681 435 748 sociorum
453 687 573 752 salutem
594 691 652 752 unit
671 711 737 750 cum
757 691 870 771 imperii
888 684 977 750 vestri

292 768 432 848 dignitate
453 770 633 844 defendere,
654 770 811 851 praesertim
830 791 919 852 quum
936 770 975 831 de

292 847 393 908 vestris
411 853 541 911 maximis
560 852 748 935 vestigalibus
760 868 859 932 agatur
872 850 884 909 i
897 850 977 911 Nam

293 930 454 988 ceterarum
472 935 686 1012 provinciarum
703 931 879 1013 vedigalia,
896 928 978 1009 Qui·

294 1010 382 1082 rites‚
397 1026 475 1071 tanta
492 1011 555 1073 sunt
565 1058 576 1089 ,
586 1032 616 1074 ut
627 1016 661 1075 iis
679 1015 715 1074 ad
726 1012 798 1095 ipsas
812 1011 977 1093 provincias

293 1090 425 1150 tutandas
442 1094 492 1153 vix
505 1098 636 1157 contenti
649 1093 706 1157 elle
725 1095 891 1191 possimus:
908 1090 979 1169 Asia

294 1173 367 1232 verb
381 1189 440 1233 ram
451 1176 550 1256 opima
559 1174 602 1235 est
618 1177 651 1233 δι
667 1174 767 1235 fertilis
776 1219 786 1246 ,
796 1190 828 1233 ut
844 1175 877 1234 &
890 1175 979 1235 uber·

294 1266 354 1312 tate
372 1274 529 1335 agrorum,
553 1254 585 1314 &
604 1254 745 1314 varietate
762 1252 925 1323 fructuum,
943 1254 978 1313 δι

294 1332 494 1412 magnitudine
507 1330 664 1416 pastionis,
682 1334 714 1410 δι
730 1332 911 1393 multitudine
924 1352 978 1392 ea-

295 1432 360 1471 rum
378 1433 473 1472 rerum
486 1458 495 1486 ‚
507 1434 570 1494 quae
583 1433 619 1473 ex
642 1430 794 1483 ertantur,
810 1410 894 1471 facile
908 1432 979 1471 om·

297 1492 380 1553 nibus
402 1495 483 1552 terris
504 1436 669 1553 antecelldtt.
690 1492 793 1575 ltaque
812 1492 873 1551 haec
893 1492 981 1551 vobis

296 1575 449 1654 provincia
461 1618 471 1647 ,
482 1572 631 1653 Quirites,
643 1576 666 1633 si
678 1575 715 1634 ad
725 1574 796 1635 belli
806 1572 957 1636 utilitatem
970 1617 981 1647 ,

299 1655 332 1714 &
355 1657 433 1733 pacis
452 1654 621 1738 dignitatem
644 1658 767 1717 retinere
787 1655 894 1727 vultis,
917 1674 979 1732 nen

298 1735 415 1795 modda
429 1737 611 1811 calamitate,
629 1735 782 1799 sedetiam
799 1758 816 1797 a
830 1752 910 1797 metu
929 1756 982 1796 ca·

298 1815 432 1875 lamitatis
444 1816 485 1877 est
502 1817 697 1879 defendenda.

345 1915 391 1977 ¹5·
407 1896 483 1956 Nam
500 1900 602 1958 ceteris
618 1900 648 1957 in
669 1898 774 1968 rebus,
793 1918 883 1978 quum
897 1898 981 1958 vertit

300 1976 467 2050 calamitas,
484 1996 545 2036 tum
564 1977 768 2037 detrimentum
781 1979 938 2055 accipitur:
951 1992 981 2037 at

300 2058 331 2118 in
350 2057 545 2139 vectigalibus
557 2079 616 2117 non
627 2058 718 2117 solitm
735 2056 876 2116 adventus
892 2057 982 2131 mali,

300 2136 352 2197 sed
373 2141 459 2197 etiam
481 2155 574 2198 metus
588 2137 648 2218 ipse
666 2135 748 2197 affert
769 2136 983 2197 calamitatem:

301 2238 370 2278 nam
389 2239 477 2300 quum
498 2217 622 2278 hostium
642 2221 733 2299 copiae
750 2238 812 2278 non
830 2215 918 2298 longe
931 2217 985 2275 ab·

302 2297 365 2359 sum
380 2344 389 2373 ,
408 2302 495 2360 etiam
515 2302 537 2359 si
554 2302 674 2379 irruptio
693 2297 765 2358 fadla
777 2297 861 2357 ,nulla
873 2299 908 2356 sit
922 2342 931 2370 ‚
943 2314 986 2358 ta-

301 2401 371 2443 men
385 2401 491 2461 pecora
507 2379 726 2461 relinquuntur,
742 2379 913 2460 agricultura
930 2379 985 2439 de-

301 2459 424 2537 seritur,
444 2479 637 2522 mercatorum
662 2461 810 2542 navigatio
832 2459 987 2541 conquies-

305 2543 343 2599 cit
364 2562 371 2597 :
395 2545 434 2602 ita
456 2563 549 2623 neque
562 2563 597 2603 ex
614 2563 701 2624 portu
719 2587 728 2616 ‚
746 2561 840 2621 neque
853 2561 889 2601 ex
900 2542 995 2601 decu·

305 2620 360 2679 mis
371 2665 381 2693 ,
392 2643 487 2703 neque
498 2645 534 2685 ex
548 2621 813 2704 scripturavetligal
827 2621 991 2683 conservari
1032 2700 1034 2703 Ι

305 2700 412 2780 potest.
424 2703 525 2778 Quare
544 2702 617 2781 saepe
631 2707 720 2761 totius
735 2705 802 2761 anni
815 2701 988 2783 frudusupo

305 2798 423 2840 rumore
449 2781 590 2862 periculi,
611 2799 697 2862 atque
717 2801 776 2843 uno
795 2779 865 2841 belli
879 2798 993 2859 terrore

267 2903 269 2906 v
307 2877 459 2923 amittitur.
488 2884 491 2888 ·
545 2884 548 2888 ’
637 2884 640 2889 ·
805 2890 809 2900 ·
