2550 4175
392 376 640 446 Aer-roms
664 375 711 444 11.
747 374 784 444 L
820 377 861 444 V.
898 372 974 465 269

295 490 373 554 sutus
390 491 563 553 Hortensius
582 512 590 551 :
606 489 765 565 fatebitur,
792 489 870 571 apud
893 487 977 548 istum

293 592 391 653 neque
409 570 586 634 senestutem
608 575 718 654 patris,
740 591 836 654 neque
859 566 978 629 adoles·

293 656 418 716 centiam
446 650 521 721 filii,
546 672 643 732 neque
670 653 812 733 lacrymas
833 647 977 731 utriusque

292 734 366 814 plus.
379 730 518 805 valuere,
538 732 629 813 quim
652 733 826 804 utilitatem,
844 730 979 791 salutem-

294 810 975 972 miimmffi‘tffilulslrt

576 938 588 967 ‚
966 933 975 950 .

293 991 434 1056 quaeret,
464 975 656 1055 quamobrem
687 973 777 1034 fasces
808 971 976 1053 praetoribus

294 1053 480 1136 praeferantur
491 1098 504 1125 ,
517 1075 567 1115 cur
580 1054 694 1115 secures
705 1055 780 1115 datae
791 1098 801 1127 ‚
812 1074 863 1113 cur
880 1072 978 1113 carcer

295 1132 469 1207 adificatus,
480 1155 530 1195 cut
543 1152 591 1196 tot
606 1133 742 1216 supplicia
757 1137 813 1194 sint
825 1137 855 1194 in
866 1135 978 1214 impro-

294 1213 350 1276 bos
369 1234 454 1276 more
466 1213 611 1295 majorum
626 1213 801 1275 conffimtat
815 1235 878 1294 qua
887 1233 978 1294 quum

294 1297 394 1360 omnia
409 1297 559 1378 graviter,
576 1293 733 1375 severeque
753 1294 878 1354 dixerit:
895 1314 977 1431 Qua-

295 1396 378 1450 ram,
394 1397 445 1435 cur
456 1376 531 1436 hunc
542 1374 680 1436 eumdem
697 1374 889 1455 Apollonium
931 1392 978 1433 er·

294 1475 341 1520 tes
360 1456 461 1527 idem,
475 1455 597 1537 repenti
610 1500 620 1528 ‚
635 1454 715 1514 nulli
729 1453 810 1514 novi
822 1474 854 1513 te
869 1452 977 1529 allati,

294 1537 373 1600 nulla
398 1537 592 1610 defensione,
616 1535 679 1595 sine
697 1533 778 1594 causa
802 1532 839 1594 de
862 1552 977 1596 carcere

293 1619 388 1679 emitti
402 1616 531 1697 julleritl
548 1634 661 1678 tantum
682 1621 684 1626 '
703 1617 765 1676 ein
783 1612 841 1674 hoc
858 1615 978 1675 crimine

295 1696 343 1788 fus
357 1700 458 1759 irionis
483 1695 541 1759 else
563 1694 673 1758 affirma
695 1717 715 1757 o
734 1741 744 1770 ‚
765 1711 797 1756 ut
826 1691 886 1775 jam
907 1696 978 1775 ipsis

294 1799 325 1869 Ju
347 1778 437 1840 itibus
465 1780 528 1840 sine
552 1798 619 1839 mea
641 1776 890 1861 argumentatione
907 1796 981 1836 con·

293 1858 434 1939 -Jetturam
449 1856 546 1918 facere
558 1860 723 1938 permittam
733 1902 746 1929 ,
800 1857 840 1916 od
855 1856 979 1996 hocffi

291 1937 541 2018 nus·praedandi‚
566 1935 684 2015 qudmi
736 1957 770 1996 ro
792 1956 862 2007 um,

291 2017 475 2089 inditium,
506 2015 651 2096 quamque
681 2035 699 2073 a
750 2012 978 2096 magnitudinem

294 2118 410 2242 ἔξω.
436 2092 607 2156 immensum
620 2139 631 2170 ,
645 2092 847 2181 infinitumque
862 2091 920 2157 ess'e
932 2097 991 2225 νίΙ

338 2275 387 2339 23.
406 2254 486 2318 Nam
501 2276 565 2338 qua
582 2253 633 2319 iste
650 2258 680 2318 in
694 2254 858 2339 Apollonio
879 2254 948 2318 fecit
967 2302 978 2333 ,

295 2356 331 2402 ea
351 2339 476 2422 primiani
494 2337 830 2422 breviter'cognoscite,
851 2339 977 2421 quot&

294 2438 401 2501 quanta
415 2421 472 2480 sint
486 2439 494 2477 :
509 2418 615 2480 deinde
626 2418 687 2479 haec
701 2420 857 2500 expendite
869 2464 879 2493 ‚
889 2437 977 2502 atque

293 2498 429 2561 aestimate
444 2500 568 2581 pecunii
583 2520 592 2560 z
609 2502 779 2581 reperietis,
795 2499 901 2562 idcirco
915 2501 978 2563 hac

294 2580 324 2643 in
341 2602 400 2642 uno
419 2580 539 2641 homine
582 2580 717 2643 ecunioso
737 2597 783 2641 tot
804 2579 976 2656 constituta,

294 2680 327 2721 ut
344 2662 446 2723 ceteris
465 2602 635 2723 formidines
653 2662 786 2722 similium
805 2663 976 2722 incommoq

295 2740 419 2813 dorum,
434 2758 521 2822 atque
539 2743 674 2823 exempla
687 2741 881 2822 periculomm
904 2764 978 2822 pro·

294 2836 482 2899 ponerentur.
496 2820 623 2883 Primum
633 2821 807 2887 insimulatio
819 2820 861 2881 est
869 2843 977 2902 repen-

295 2899 381 2981 tine,
404 2900 553 2983 capitalis,
572 2919 660 2984 atque
680 2900 815 3042 invidiffii
838 2905 977 2996 'asininis

827 3004 856 3062 ll]
