2550 4175
373 645 633 713 Acta-oms
659 642 709 713 II.
736 643 778 710 L.·
804 642 867 713 IV.
909 639 980 732 169

295 757 519 833 matinanta,
540 757 604 818 totd
626 755 721 818 Sicilia
743 758 916 830 nominata,
940 757 979 818 ab

299 840 410 899 eodem
425 835 506 913 Heio
523 840 746 917 peripetasmata
762 855 860 898 emere
873 838 981 899 oblitus

299 922 358 980 es?
375 919 454 978 licuit
480 918 589 978 eodem
608 916 722 989 modo,
741 933 773 976 ut
794 919 882 1000 signa.
898 917 983 998 Quid
1029 948 1034 958 ·

299 1001 379 1059 enim
401 998 495 1058 ascum
512 995 554 1056 est
576 1007 586 1055 t
614 1015 652 1056 an
678 996 778 1056 litteris
803 999 982 1079 pepercisti?

298 1077 415 1139 Verum
423 1079 575 1138 hominem
588 1093 734 1136 amentem
748 1076 805 1136 hoc
820 1078 892 1162 sugit
905 1100 913 1138 r
928 1081 984 1140 mi·

298 1161 354 1218 nus
370 1158 477 1218 clarum
499 1160 610 1238 putavit
629 1155 715 1229 fore,
732 1156 813 1237 quod
831 1159 869 1219 de
886 1181 983 1220 arma-

298 1242 364 1313 rio,
380 1239 467 1320 quaint
483 1239 563 1319 quod
578 1237 615 1298 de
631 1236 752 1297 sacrario
765 1236 834 1298 esset
845 1240 981 1302 ablatum.

299 1318 343 1380 At
357 1321 508 1400 quomodo
527 1316 639 1378 abstulit
653 1316 665 1378 ἒ
684 1339 744 1379 non
760 1316 871 1399 possum
888 1321 984 1384 dicere

297 1400 433 1482 planius,
450 1399 536 1481 quim
547 1397 607 1480 ipse
626 1400 704 1479 apud
718 1421 772 1460 vos
784 1402 854 1460 dixit
869 1399 981 1480 Hejus:

296 1501 388 1562 quum
405 1479 581 1561 quaesissem,
601 1500 671 1538 num
693 1480 761 1558 quid
774 1481 851 1538 aliud
868 1480 905 1541 de
924 1482 984 1543 bo-

297 1564 342 1620 ttis
359 1558 421 1638 ejus
441 1556 613 1640 pervenisset
634 1558 672 1617 ad
694 1558 840 1620 Verrem:
860 1560 984 1639 respon-

296 1641 341 1699 dit
361 1640 443 1699 isium
466 1637 547 1699 adse
569 1637 699 1711 misisse,
725 1658 756 1698 ut
778 1640 831 1698 sibi
856 1642 984 1703 mitteret

297 1719 490 1816 Agrigentum
518 1716 749 1797 peripetasmata.
785 1717 916 1796 Quaesivi
946 1742 984 1782 an

294 1803 434 1860 misitiet:
452 1796 597 1878 respondit
615 1797 646 1855 id
660 1842 669 1868 ,
722 1795 761 1856 od
775 1796 886 1858 necesse
900 1817 983 1876 erat,

294 1880 403 1941 scilicet
421 1878 497 1939 disto
510 1878 676 1938 audientem
702 1876 767 1936 uisse
802 1881 895 1939 raetori
907 1901 914 1939 :
926 1883 983 1940 mi-

296 1961 369 2022 siss'e.
380 1961 496 2042 Rogavi
509 2004 518 2032 ‚
529 1957 760 2040 pervenissentne
772 1900 981 2100 dgripentnm:

296 2042 367 2107 dixit
385 2039 555 2123 pervenisse.
567 2039 716 2118 Quaesivi,
731 2061 836 2122 quema
860 2042 981 2105 modum

295 2121 495 2186 revertissent:
515 2123 632 2201 negavit
647 2120 737 2179 adhuc
757 2121 911 2182 revertisse.
931 2124 983 2183 Ri-

296 2203 341 2264 sus
361 2204 481 2285 populi,
496 2219 582 2283 atque
601 2202 825 2262 admurmuratio
848 2206 981 2265 omnium

296 2282 371 2344 facia
385 2283 435 2345 est.

339 2362 387 2425 28.
406 2363 464 2424 Hic
483 2363 535 2423 tibi
552 2365 582 2423 in
602 2380 731 2423 mentem
750 2383 811 2421 non
831 2363 911 2423 venit
930 2361 980 2438 ju·

295 2444 390 2518 bere,
408 2462 439 2504 ut
463 2444 525 2503 haec
550 2464 668 2525 quoque
688 2443 832 2513 referret,
856 2442 923 2502 H-S
941 2462 979 2504 v1

295 2526 422 2587 millibus
447 2542 481 2586 ιο
502 2523 531 2585 se
556 2526 608 2583 tibi
628 2522 811 2585 vendidisses
834 2522 979 2598 metuisti,

295 2627 334 2667 ne
350 2629 387 2667 aes
408 2606 533 2666 alienum
555 2606 606 2663 tibi
625 2602 790 2675 cresceret,
811 2605 833 2661 si
857 2605 921 2664 tts
938 2623 977 2664 vt

294 2688 420 2748 millibus
439 2704 472 2747 ιο
487 2687 539 2744 tibi
554 2683 718 2744 constarent
736 2704 792 2755 ea,
811 2705 871 2762 quae
887 2703 916 2742 tn
934 2684 977 2742 fa·

294 2769 349 2828 cite
368 2766 462 2849 poss'es
476 2767 606 2825 vendere
624 2764 690 2824 H-S
705 2782 748 2823 cc
762 2765 884 2821 millibus
899 2789 903 2797 ¹
924 2764 978 2824 fuit

293 2851 390 2921 tanti,
409 2845 581 2907 mihicrede
602 2843 747 2905 :haberes
767 2845 846 2924 quod
872 2844 978 2904 defen-

295 2927 407 2987 deres:
435 2946 524 2991 nemo
548 2941 715 3005 quaereret,
741 2928 839 3004 quanti
863 2926 908 2982 illa
931 2944 976 2985 res

294 3003 364 3067 esset
387 3026 395 3062 ι
417 3007 440 3063 si
460 3005 551 3065 modd
569 3022 597 3066 te
616 3003 710 3084 posses
730 3007 836 3062 docere
856 3003 977 3077 emisse;

294 3084 378 3147 facile
406 3086 451 3141 cui
469 3085 583 3157 velles,
605 3100 685 3144 tuam
713 3081 825 3141 causam
854 3085 885 3143 &
911 3083 974 3145 fac·

293 3184 356 3229 aum
380 3162 549 3241 probares:
577 3184 655 3224 nunc
685 3161 724 3224 de
750 3162 976 3242 peripetasmatis

338 3250 438 3306 sortus
458 3244 515 3305 IV.
846 3240 877 3301 H
