2550 4175
401 380 506 449 Pno
531 378 579 448 A.
608 378 839 451 cecina.
895 390 976 473 449

292 515 343 557 mo
363 492 483 575 potest,
499 498 550 575 qui
566 516 627 555 non
646 495 796 575 possidet:
811 511 860 557 aut
875 497 905 556 in
915 496 976 559 hoe

291 574 498 647 interdidiunm
524 580 566 636 De
588 578 741 636 hominibus
760 580 891 651 armatis,
913 599 978 639 non

292 657 407 716 additur
418 700 428 730 ‚
439 658 462 714 si
473 671 592 735 oportet
599 658 687 737 quaeri
697 700 708 727 ,
718 654 873 737 poffederit
883 702 893 729 ,
903 678 977 719 nec·

292 736 352 797 ne?
371 735 470 818 Negas
489 734 595 815 dejici,
614 738 669 796 nisi
684 740 732 817 qui
734 736 898 875 possideat.
915 736 977 800 Os·

293 817 385 877 tendo
398 862 408 889 ,
423 819 446 876 si
465 836 526 876 sine
545 834 661 876 armans
678 837 734 876 coa
761 814 820 876 isve
847 817 977 878 homini-

294 897 350 957 bus
368 894 496 975 dejedus
515 895 663 978 quisquam
677 898 734 970 sit,
754 916 844 969 eum,
861 900 910 979 qui
932 897 978 959 fa·

293 993 387 1038 teatur
404 977 433 1038 se
454 974 608 1057 dejeciffe,
625 980 745 1037 vincere
763 976 978 1058 sponsione,si

294 1056 453 1132 ostendat,
471 1078 538 1119 eum
556 1078 616 1119 non
628 1055 790 1138 poffediffe„
809 1056 908 1141 Negas
924 1058 980 1120 de·

292 1136 365 1221 jici,
385 1140 437 1199 nisi
456 1138 683 1220 quipossideat.
706 1136 844 1200 ostendo
864 1160 900 1201 ex
918 1140 978 1204 hoc

293 1219 469 1291 interdidio‚
483 1223 530 1281 De
541 1220 654 1279 amatis
668 1219 899 1300 hominibm‚qui
908 1241 979 1301 pos·

294 1303 331 1362 sit
349 1298 502 1361 ostendere
513 1320 573 1360 non
589 1297 741 1381 possedisse
757 1319 824 1359 eum
836 1344 850 1373 ,
865 1302 914 1381 qui
927 1300 982 1362 de·

295 1378 387 1463 jedes
410 1381 466 1452 sit,
486 1380 675 1440 condemnati
696 1396 794 1441 tamen
816 1378 983 1461 sponsionis

294 1458 414 1540 ,necesse
435 1458 517 1535 esse,
535 1462 559 1520 si
570 1458 695 1521 fateatur
709 1459 766 1521 effe
784 1459 939 1541 dejettum.

338 1539 494 1602 XXXII.
514 1539 680 1622 Dupliciter
694 1540 827 1602 homines
840 1539 981 1623 dejiciun-

297 1637 344 1683 tur
360 1643 367 1683 :
386 1637 435 1681 aut
452 1623 513 1683 sine
533 1620 664 1693 condis,
681 1622 832 1683 armatisve
852 1624 982 1684 homini·

296 1703 372 1779 bus,
389 1720 442 1763 aut
453 1723 507 1785 pet
523 1700 666 1785 ejusmodi
678 1702 821 1765 rationem
833 1747 843 1778 ,
863 1705 896 1766 ὃ(
907 1706 981 1768 vim.

298 1782 349 1845 Ad
373 1783 442 1847 duas
466 1784 616 1845 dissimiles
634 1802 681 1843 res
702 1781 761 1843 duo
781 1781 917 1865 dejunda
934 1789 981 1847 in-

295 1863 420 1940 terdidia
431 1863 503 1924 sunt.
523 1862 558 1924 In
577 1864 629 1924 iila
638 1864 670 1923 vi
687 1863 854 1943 quotidiana
864 1888 925 1928 non
940 1867 984 1928 sa·

300 1946 338 2005 tis
349 1942 390 2005 est
407 1942 489 2027 poss‘e
504 1944 610 2006 docere
628 1941 657 2005 se
677 1940 848 2024 dejedum,
865 1948 920 2007 nisi
933 1945 984 2008 os·

298 2024 421 2088 tendere
445 2025 563 2107 possit,
584 2044 674 2108 quum
695 2024 859 2106 possideret
879 2069 895 2099 ,
917 2042 985 2089 tum

303 2102 450 2187 dejedium
469 2126 477 2165 τ
496 2125 534 2167 ne
560 2106 591 2167 id
616 2106 734 2187 quidem
754 2104 817 2166 satis
843 2102 907 2178 est,
927 2109 983 2168 nisi

301 2187 392 2248 docet
410 2189 448 2246 ita
468 2184 497 2246 se
519 2184 693 2267 poffediffe‚
717 2202 749 2248 ut
772 2207 827 2247 nec
852 2188 906 2260 vi,
925 2207 983 2248 nec

300 2267 398 2342 ciam,
416 2287 470 2327 nec
486 2269 617 2347 precatio
634 2265 802 2349 poffedetit.
821 2265 924 2349 ltaque
939 2269 987 2343 is,

301 2348 394 2431 quise
412 2345 558 2410 restituiffe
578 2348 673 2422 dixit,
688 2369 736 2408 ma
756 2349 793 2408 nti
814 2369 892 2409 voce
908 2347 984 2429 saepe

301 2427 433 2492 confiteri
441 2429 514 2490 solet
526 2473 536 2504 ,
549 2427 578 2489 se
590 2431 621 2488 vi
630 2427 723 2510 dejec'
747 2449 764 2489 e
780 2449 787 2488 :
800 2431 904 2490 verim
913 2428 984 2489 illud

302 2509 405 2582 addit,
423 2510 494 2572 Non
504 2509 673 2594 possidebat
689 2529 696 2567 :
714 2509 763 2570 vel
780 2512 884 2584 etiam,
934 2531 985 2570 um

302 2587 359 2650 hoc
375 2589 465 2670 ipsum
490 2592 657 2663 concessit,
675 2591 765 2650 vincit
781 2606 879 2650 tamen
909 2612 986 2670 pon·

305 2670 411 2741 sione,
437 2673 461 2728 si
481 2671 598 2748 planum
615 2670 704 2743 facit,
728 2671 763 2730 ab
788 2669 817 2730 se
836 2671 918 2730 illum
936 2687 985 2734 aut

303 2749 357 2822 vi,
374 2763 422 2808 aut
437 2748 530 2822 clam,
544 2767 592 2809 aut
609 2751 741 2827 precarii>
763 2747 923 2826 possedisse.

346 2826 554 2908 93,Videtisne
565 2871 575 2900 ‚
588 2844 661 2908 quot
677 2825 890 2886 defensionibus
899 2848 986 2903 eum,

305 2910 355 2995 qui
371 2909 433 2973 sine
445 2909 531 2972 armis
546 2928 580 2973 ac
589 2905 773 2973 multitudine
787 2908 848 2973 vim
864 2907 987 2986 fecerit,

932 3130 1067 3474 s
