2550 4175
372 736 707 824 Acrroursll.
732 737 771 804 L.
797 737 862 806 IV.
900 755 972 811 211

297 853 473 914 mittendum
493 852 530 914 de
549 849 624 912 istius
641 851 819 934 impudentia
838 851 977 925 videtur)

298 935 459 1017 agebantur
476 935 505 993 in
526 950 674 993 conventu
692 934 811 1013 palam,
831 932 868 994 de
890 930 979 1006 sella,

297 1037 333 1075 ac
353 1016 389 1075 de
408 1014 477 1075 loco
494 1011 651 1095 superiore.
665 1011 734 1072 Erat
749 1012 977 1087 hiemssumma;

296 1093 474 1176 tempestas,
491 1110 522 1154 ut
543 1090 634 1174 ipsum
648 1091 806 1175 Sopatrum
819 1091 915 1155 dicere
927 1116 980 1155 au·

297 1174 373 1234 distis
385 1218 395 1246 ,
407 1173 582 1258 perfrigida3
598 1173 692 1235 imber
706 1175 847 1235 maximus
863 1194 871 1232 ε
889 1194 978 1255 quum

297 1254 351 1316 iste
375 1258 497 1336 imperat
517 1254 683 1328 lictoribus,
706 1270 738 1315 ut
758 1253 915 1336 Sopatrum
941 1253 979 1317 de

295 1338 432 1476 fortitu,
446 1336 476 1395 in
489 1356 547 1417 qua
563 1333 623 1417 ipse
638 1335 757 1397 sedebat
772 1381 781 1411 ,
798 1337 978 1418 praecipitem

308 1437 327 1475 n
343 1415 437 1477 forum
453 1413 589 1496 dejiciant
600 1461 609 1490 ,
619 1416 786 1499 nudumque
796 1414 979 1477 constituant.

298 1494 357 1557 Vix
388 1512 449 1558 erat
472 1496 531 1557 hoc
576 1496 641 1556 lane
667 1500 754 1559 etiam
777 1500 978 1577 imperatum,

295 1596 385 1658 quum
400 1577 482 1636 illum
500 1518 675 1658 spoiiatum,
690 1574 823 1657 stipatum
845 1596 882 1636 ue
896 1576 980 1638 lido-

294 1658 375 1716 ribus
392 1656 519 1717 videres.
541 1654 658 1717 Omnes
677 1656 747 1717 ideo
767 1676 834 1738 puta
857 1672 928 1729 ant,
947 1671 980 1716 ut

295 1736 403 1808 miser,
421 1753 507 1817 atque
524 1737 664 1796 innocens
687 1737 776 1818 virgis
794 1736 951 1796 cederetur
969 1756 980 1797 t

294 1816 399 1879 fefellit
421 1817 483 1877 haec
509 1815 643 1877 homines
667 1819 767 1897 opinio
789 1817 904 1897 :virgis
927 1812 980 1877 iste

295 1898 422 1959 caederet
432 1901 494 1958 sine
506 1895 586 1957 causa
601 1896 709 1957 socium
722 1897 823 1979 populi
837 1896 981 1974 Romani,

293 1995 383 2062 atque
391 1981 514 2039 amicum
527 1979 539 2041 ,7
546 2000 606 2038 non
615 1976 656 2040 est
666 1977 753 2059 usque
762 1979 799 2039 eb
808 1978 978 2060 improbus:

293 2081 357 2122 non
384 2062 482 2122 omnia
508 2056 571 2119 sunt
594 2061 624 2120 in
650 2079 687 2121 eo
705 2080 765 2121 uno
783 2060 980 2122 vitiar'num·

294 2162 384 2224 quam
398 2141 451 2200 fuit
466 2141 588 2200 crudelis
599 2162 607 2200 :
618 2141 901 2214 ieniterhominem‚
915 2141 980 2203 cie·

293 2239 469 2302 menterque
486 2221 610 2357 accefit.
631 2217 783 2300 Equestres
801 2219 864 2281 sunt
878 2220 980 2282 medio

293 2304 326 2362 in
351 2301 418 2361 foro
441 2298 554 2359 Marcel
566 2319 650 2357 orum
673 2297 794 2372 statuae,
815 2301 898 2359 sicuti
918 2298 981 2362 fere⁸

294 2383 402 2442 ceteris
422 2381 452 2438 in
472 2400 512 2459 op
534 2378 587 2437 idis
603 2375 707 2437 Siciliae
726 2397 734 2437 r
754 2397 790 2439 ex
808 2379 912 2459 quibus
929 2377 981 2442 iste

294 2460 337 2523 C.
358 2459 491 2525 Marcelli
507 2399 626 2518 damam
639 2456 748 2540 delegit
762 2478 773 2532 ;
790 2455 871 2538 cujus
885 2457 982 2521 officia

252 2574 256 2581 ·
293 2547 325 2604 in
342 2543 391 2603 illa
409 2541 548 2616 civitate,
566 2555 688 2621 totaque
708 2541 857 2619 provincia
874 2561 982 2601 recen·

293 2626 404 2685 tissima
421 2637 529 2693 erant,
555 2619 587 2680 &
607 2621 733 2682 maxima
755 2623 811 2681 :in
832 2640 867 2681 ea
886 2620 981 2702 Sopa-

293 2722 394 2778 trum,
412 2704 561 2764 hominem
578 2719 641 2762 turn
659 2701 741 2762 domi
755 2701 904 2777 nobilem,
915 2720 979 2765 tum

295 2784 409 2848 sutnnro
427 2781 591 2875 magistratu
608 2783 786 2867 preditum,
808 2781 981 2860 divaricari,

295 2887 331 2928 ac
349 2864 406 2926 deli
426 2867 467 2925 ari
482 2864 575 2944 juber.

338 2943 388 3021 87.
407 2886 479 3025 δυο
493 2946 620 3009 cruciatu
635 2946 672 3007 sit
687 2943 803 3006 affedius
816 2989 826 3019 ‚
837 2947 938 3007 venire
948 2947 981 3007 in

296 3041 428 3087 mentem
444 3024 556 3089 neceffe
575 3023 617 3090 est
636 3028 793 3098 omnibus,
806 3047 894 3121 quum
909 3024 980 3087 effet

298 3103 409 3164 vincius
427 3105 520 3166 nudus
540 3107 571 3164 in
591 3124 672 3178 aere,
690 3108 722 3166 in
744 3104 856 3177 imbri,
877 3108 906 3165 in
928 3106 980 3167 fri·

298 3204 370 3267 gore
383 3203 495 3264 :neque
508 3201 605 3246 tamen
615 3184 679 3246 finis
696 3185 761 3244 huic
775 3181 883 3261 injuriae
893 3231 904 3258 ‚
915 3207 981 3246 cru·

299 3265 465 3353 delitatique
481 3261 567 3329 fiebat
580 3307 592 3340 ,
607 3265 703 3329 donec
716 3264 842 3351 populus
858 3309 870 3341 ,
893 3282 984 3349 atque
