2550 4175
370 389 1012 499 nnwmstbffi3ss.

292 522 388 568 manae
395 507 543 567 tribunitia
556 505 682 586 potestas
695 506 702 565 ἒ
716 505 847 569 Huccine
856 510 976 573 tandem

292 589 393 648 omnia
417 587 603 660 reciderunt,
627 603 658 659 ut
684 588 757 646 civis
775 587 926 650 Romanus
945 593 976 658 in

292 670 444 748 provintia
462 668 565 748 popuii
584 666 775 738 Romani,in
793 670 904 748 oppido
921 669 978 730 foe·

293 748 483 820 deratorum,
502 747 540 807 ab
559 767 624 820 eo,
640 749 689 826 qui
708 746 851 808 beneficio
873 751 978 831 populi

273 827 443 901 -Romani,
460 826 554 898 fasces
573 828 607 887 δι
626 825 740 887 secures
758 827 900 901 haberet,
920 831 976 891 de·

294 908 398 990 ligatus
418 910 450 968 in
467 907 535 969 foro
554 909 642 989 virgis
666 907 849 968 caederetur?
869 907 977 988 Quid,

295 1009 385 1069 quum
398 990 500 1069 ignes,
517 986 707 1068 ardentesque
718 988 833 1048 laminae
847 1033 856 1063 ‚
874 991 979 1049 ceteri·

298 1088 356 1148 que
374 1071 512 1127 cruciatus
532 1068 786 1130 admovebantur?
807 1068 838 1129 Si
859 1085 889 1130 te
905 1069 979 1132 iltius

296 1146 400 1208 acerba
414 1149 582 1229 imploratio
597 1193 607 1223 ,
622 1148 655 1208 δι
665 1171 727 1209 vox
741 1148 906 1210 miserabilis
916 1171 978 1212 non

295 1227 467 1301 inhibebat,
494 1248 533 1290 ue
553 1230 660 1289 civium
681 1228 800 1309 quidem
823 1229 980 1296 Romano÷

296 1329 382 1383 rum,
399 1310 525 1391 quitum
543 1308 685 1381 aderant,
702 1309 792 1381 fletu,
817 1309 850 1367 δι
868 1312 979 1390 gemitu

297 1391 425 1450 maximo
435 1389 664 1451 commovebare
674 1389 686 1451 3
698 1385 859 1458 Incrucem
870 1406 925 1447 tua
946 1408 980 1456 ef

298 1487 331 1530 re
343 1470 422 1540 ausus
435 1490 467 1540 es
479 1488 656 1550 quemquam
668 1511 680 1538 ,
699 1469 747 1547 qui
764 1465 793 1527 se
812 1470 906 1527 civem
917 1409 982 1528 iio-

301 1570 419 1611 manum
430 1548 486 1610 effe
500 1548 631 1610 diceret?
646 1547 735 1621 Nolui
745 1564 804 1606 tam
818 1547 982 1608 vehemen-

299 1645 346 1691 ter
370 1651 456 1713 agere
478 1630 536 1691 hoc
561 1628 654 1710 primi
678 1628 812 1701 abbione,
832 1626 979 1688 Judices:

299 1710 391 1770 nolui.
409 1709 527 1770 Vidistis
544 1712 621 1770 enim
635 1754 645 1783 ,
661 1725 693 1767 ut
714 1710 801 1768 animi
818 1708 982 1778 multitudi-

298 1793 344 1852 nis
360 1792 390 1850 in
408 1789 491 1850 istum
505 1790 631 1865 dolore,
646 1788 678 1849 &
691 1790 784 1861 odio,
801 1788 833 1848 δι
844 1809 982 1849 commu-

269 1926 272 1949 Δ,
299 1872 345 1932 nis
364 1869 485 1950 periculi
511 1886 612 1940 metu,
643 1871 867 1927 concitarentur.
890 1866 983 1928 Statui

300 1966 422 2031 egomet
440 1946 509 2006 mihi
529 1963 590 2006 tum
609 1945 730 2014 modum
749 1946 874 2004 orationi
890 1964 984 2018 meae,

302 2029 337 2089 &
348 2027 385 2090 C.
399 2026 591 2097 Numitorio,
606 2023 702 2103 equiti¹
711 2023 869 2095 Romano,
886 2023 983 2102 primo

301 2107 439 2177 bomini,
469 2101 532 2164 testi
550 2123 619 2163 meo
639 2123 647 2160 :
669 2102 701 2161 &
722 2100 936 2173 Glabrionem,
953 2100 984 2161 id

323 2187 384 2249 uod
407 2184 611 2265 sapientissime
632 2181 726 2252 fecit,
747 2180 845 2242 facere
873 2180 987 2239 laetatus

302 2210 385 2342 ium,
405 2282 437 2325 ut
457 2263 600 2345 repente,
619 2261 740 2322 consilio
751 2263 781 2320 in
797 2258 917 2331 medio,
931 2256 987 2319 tes·

303 2366 366 2409 tem
382 2347 548 2408 dimitteret.
559 2342 675 2404 Etenim
688 2343 863 2410 verebatur,
876 2358 913 2399 ne
928 2359 987 2419 po·

304 2429 388 2508 pulus
409 2426 559 2486 Romanus
576 2426 613 2484 ab
631 2421 685 2484 isto
706 2443 755 2485 eas
773 2440 873 2502 poenas
887 2418 918 2479 vi
937 2438 990 2479 re·

306 2505 407 2601 petitie
427 2507 573 2566 videretur
585 2549 598 2576 ‚
617 2525 687 2583 quas
707 2503 815 2564 veritus
836 2496 929 2572 effet‚
949 2517 989 2561 ne

305 2583 359 2645 rste
376 2585 507 2666 legibus,
526 2585 560 2646 &
582 2583 679 2647 vestro
706 2580 815 2664 judicio
839 2600 900 2641 non
919 2574 990 2641 ess'et

308 2662 512 2744 persoluturus.

355 2742 421 2816 164.
441 2742 547 2816 Nunc,
570 2745 707 2822 quoniam
727 2739 786 2816 jam
807 2738 989 2818 exploratum

312 2818 354 2882 est
370 2821 524 2892 omnibus,
540 2842 598 2901 quo
610 2821 678 2879 loco
696 2819 777 2878 causa
791 2833 839 2876 tua
856 2818 913 2889 sit,
932 2816 989 2889 δι,

308 2901 380 2987 quid
396 2900 433 2966 de
450 2917 479 2965 te
498 2899 624 2964 futumm
643 2902 701 2961 sit:
721 2899 761 2960 sic
780 2912 877 2960 tecum
894 2914 990 2981 agam.
