2550 4175
300 396 577 465 Acrrotrrr
602 391 650 462 ΙΙ.
682 392 719 463 L.
754 396 793 461 V.
836 397 910 483 355

227 506 300 569 uere
316 531 335 568 a
350 526 399 568 me
416 506 479 568 suot
494 508 573 581 dari,
590 529 651 568 non
663 510 712 602 qni
726 503 836 568 novisse
846 502 913 565 Ga-

227 593 329 663 vium,
348 588 396 648 sed
415 591 466 669 qui
482 588 512 649 se
532 586 633 648 vidisse
654 588 804 661 dicerent,
822 589 912 667 quurit

225 670 275 744 is,
294 671 344 751 qui
359 668 388 729 se
400 669 495 728 civem
513 667 679 728 Romanum
690 666 746 728 esse
756 668 913 739 clamarem

226 752 259 809 iu
273 768 391 809 crucem
399 764 542 830 ageretur.
552 748 621 808 Hoc
631 765 663 807 tu
673 748 800 821 ‚Verres
811 793 821 821 ,
831 748 912 807 idern

226 830 301 889 dieis
319 850 328 888 ι
344 828 402 889 hoc
421 846 452 887 tu
472 826 617 889 confiteris
635 829 715 887 illum
735 825 911 902 clamitasse,

226 908 258 969 se
275 911 371 969 civem
389 906 445 969 esse
462 906 628 969 Romanum
640 930 648 968 ι
661 907 738 990 apud
753 925 784 967 te
800 926 912 966 nomen

225 992 354 1049 civitatis
363 1009 402 1049 ne
414 1006 526 1048 rantum
539 989 658 1071 quidem
667 986 803 1061 valuisse,
816 1003 847 1047 ut
860 987 914 1045 du·

226 1070 399 1129 bitatiouem
411 1069 534 1149 aliquam
543 1114 552 1143 ‚
560 1086 594 1129 ut
601 1069 790 1130 erudelissimi
801 1113 811 1141 ‚
821 1084 913 1127 teter·

227 1151 351 1232 rituique
363 1147 393 1208 su
415 1150 493 1229 plieii
512 1148 636 1230 aliquam
655 1170 775 1231 parvam
797 1150 912 1214 moratu

226 1228 331 1290 saltem
411 1246 441 1289 et
453 1226 567 1290 afferre.

275 1303 343 1370 166}
360 1307 428 1369 Hoc
445 1324 556 1383 teneo,
574 1307 621 1367 hic
638 1307 756 1381 haereo,
777 1305 913 1378 Iudices,

229 1390 290 1454 Boc
306 1389 368 1449 sum
386 1404 541 1449 contentus
556 1408 616 1447 uno
635 1408 643 1446 ι
662 1389 789 1456 omitto,
806 1406 839 1445 ac
857 1404 914 1464 ne-

229 1470 309 1560 gligo
320 1485 417 1530 cetera
430 1489 437 1527 :
452 1467 499 1527 sui
516 1467 699 1527 confessione
709 1464 843 1525 induatur
855 1509 865 1537 ,
878 1485 913 1524 ae

230 1547 402 1631 juguletur,
422 1545 535 1610 necesse
552 1546 605 1609 est.
637 1547 700 1625 Qui
719 1543 812 1618 esset,
831 1545 916 1627 igno·

230 1631 336 1692 tabas?
347 1628 556 1710 speculatorem
572 1625 628 1687 esse
638 1624 836 1709 suspicabare?
850 1643 913 1685 non

232 1729 352 1790 quero,
370 1710 426 1791 qui
436 1708 593 1789 suspicione
607 1729 614 1766 :
628 1708 677 1767 tui
689 1724 719 1767 te
732 1704 834 1767 accuso
846 1725 914 1765 ora·

226 1792 323 1850 tione.
350 1788 459 1850 Civem
481 1785 648 1849 Romanum
665 1787 694 1848 se
712 1785 771 1848 esse
788 1786 915 1848 dicebat.

231 1868 262 1929 Si
282 1886 315 1927 tu
336 1867 412 1953 apud
431 1866 550 1947 Persas,
571 1870 666 1926 autin
685 1884 813 1927 extrema
829 1865 918 1928 India

232 1946 446 2027 deprehensus,
464 1944 599 2018 Verres,
615 1946 654 2004 ad
669 1944 837 2025 supplicium
857 1946 916 2004 du-

229 2046 334 2089 terere
354 2044 362 2083 ι
383 2025 453 2105 quid
471 2023 548 2085 aliud
565 2023 749 2095 clamitares,
765 2026 819 2082 nisi
836 2040 866 2082 te
877 2024 920 2082 ci·

231 2129 303 2168 vem
330 2102 388 2166 esse
411 2102 601 2169 Romanum?
620 2104 674 2176 δι,
695 2107 719 2163 si
740 2103 792 2161 tini
810 2105 916 2182 ignoto

234 2187 313 2270 apud
334 2189 477 2281 ignotos,
493 2184 570 2265 apud
588 2183 748 2254 barbaros,
768 2181 844 2261 apud
857 2181 917 2240 ho-

233 2271 328 2333 miues
345 2286 375 2325 ιιι
392 2267 550 2337 extremis,
568 2279 653 2342 atque
665 2261 769 2321 ultimis
783 2262 917 2343 gentibus

233 2353 369 2431 positoS,
391 2345 514 2418 nobile,
535 2345 566 2403 &
587 2340 692 2402 illustre
711 2342 787 2422 apud
811 2360 916 2401 omnes

234 2448 346 2490 nomen
363 2444 422 2490 tuae
439 2427 559 2487 civitatis
572 2419 719 2504 profuisset
735 2422 823 2495 risse,
838 2423 916 2501 quis·

236 2511 298 2587 quis
323 2526 406 2581 erat,
423 2526 512 2589 quem
528 2520 559 2563 tu
577 2507 607 2563 in
626 2522 740 2563 crucem
760 2503 916 2583 rapiebas,

235 2589 286 2666 qui
300 2587 354 2646 tibi
364 2587 434 2648 esset
448 2589 458 2646 i
478 2601 583 2657 notus,
596 2604 683 2664 quum
697 2586 790 2644 civem
804 2580 833 2644 se
846 2580 915 2641 Ro·

237 2686 355 2728 manum
372 2664 427 2724 esse
447 2606 554 2725 diceret
566 2685 575 2736 3
587 2664 663 2749 apud
681 2681 710 2723 te
718 2680 880 2798 praetorem
893 2661 917 2719 si

237 2765 299 2806 non
313 2741 469 2822 effugium,
486 2764 524 2804 ne
540 2763 652 2802 moram
668 2744 715 2820 qui
738 2761 785 2800 em
796 2741 918 2811 mortis,

238 2824 501 2905 mentione‚utque
511 2818 695 2903 usurpatione
703 2816 921 2898 civitatis‚asse·

237 2905 287 2994 qui
298 2899 420 2992 potuit}
897 2928 900 2934 ·
