2550 4175
296 425 373 509 '230
459 412 524 479 Iu
563 414 804 480 Vennarr

287 540 417 610 ¹propter
430 544 495 587 eam
512 524 624 587 causam
640 525 746 588 scelere
762 525 838 587 istius
858 526 980 601 evenire

293 606 457 669 videantur.
735 624 738 628 ·
968 640 970 645 ·

337 686 578 763 114Audistis‚
605 685 836 768 Centuripinos,
865 687 894 747 A
940 690 979 748 ri·

292 766 427 841 nenses,
454 767 653 843 Cannenses,
681 766 894 840 Herbitenses,
946 790 981 829 n-

292 847 397 910 uenses
407 892 420 919 ,
441 850 605 932 complures
625 850 718 922 alios,
731 849 846 928 publice
859 849 979 924 dicere,

288 941 360 1010 'quae
383 928 510 991 solitudo
536 927 605 989 esset
627 930 657 989 in
683 930 781 1010 agris,
802 951 866 1010 quae
891 928 979 990 vasti-

294 1026 361 1084 tas,
377 1008 447 1090 ‘quae
476 1008 543 1092 fuga
567 1025 738 1083 aratorum,
763 1009 851 1091 quim
879 1009 979 1071 deser·

291 1104 325 1152 ta
347 1134 358 1165 ,
385 1088 473 1172 quim
492 1090 626 1162 inculta,
644 1088 731 1170 quam
755 1090 851 1149 reiis'ra
870 1093 979 1152 omnia.

293 1163 338 1231 Ea
354 1172 469 1231 tametsi
486 1168 562 1231 istius
583 1168 680 1230 multis
705 1170 739 1230 &
758 1173 847 1231 'variis
869 1168 979 1251 injuriis

290 1252 461 1313 acciderunt
473 1273 481 1311 r
494 1269 593 1313 tamen
610 1251 672 1311 haec
692 1271 749 1310 nna
764 1250 847 1311 causa
863 1254 893 1310 in
912 1256 979 1333 opi-

293 1332 383 1393 'uione
403 1332 567 1395 Siculorum
585 1332 740 1414 plurimum
761 1333 860 1404 valet,
874 1333 954 1413 qubd
968 1379 983 1408 „

292 1411 406 1475 Cerere
423 1413 534 1475 violati
548 1459 558 1488 ‚
571 1432 675 1473 omnes
690 1413 799 1489 cultus,
818 1412 981 1494 frusiusque

291 1490 411 1556 Cereris
428 1496 457 1553 in
476 1495 519 1554 his
546 1494 618 1555 locis
641 1492 774 1555 interiisse
796 1495 979 1554 arbitrantur.

291 1571 458 1634 Medemini
477 1574 529 1634 reli
550 1575 611 1633 ioni
637 1572 783 1633 sociorum
797 1619 811 1646 ,
833 1574 950 1634 iudices
969 1596 980 1647 3

292 1652 464 1713 conservate
475 1594 620 1716 vesbam:
639 1672 737 1734 neque
753 1656 831 1713 enirn
847 1654 911 1713 haec
928 1674 981 1714 ex-

291 1741 375 1792 rema
401 1731 488 1791 vobis
516 1730 557 1792 est
580 1731 708 1827 religio,
730 1752 828 1813 neque
854 1734 947 1793 aliena
969 1756 980 1794 t

291 1808 374 1894 'qubd
392 1813 415 1872 si
432 1809 520 1888 esset,
543 1813 567 1872 si
583 1811 726 1893 suscipere
746 1832 812 1873 eam
833 1813 949 1874 nolletis
970 1838 979 1875 ε

291 1907 390 1956 tamen
409 1894 440 1953 in
461 1914 525 1969 eo,
552 1893 602 1977 qui
625 1891 779 1969 violasset,
798 1893 906 1955 sancire
922 1917 980 1956 vos

290 1974 372 2039 'velle
394 1992 558 2058 oporteret.
578 1973 665 2036 Nunc
682 1976 802 2037 veroin
829 1980 979 2036 communi
1005 1999 1009 2008 ·

292 2060 425 2120 omnium
442 2059 572 2142 gentium
585 2056 727 2141 religione
741 2103 751 2133 ‚
766 2058 854 2140 inque
875 2058 919 2117 his
935 2057 980 2117 sa·

292 2141 348 2200 cris
360 2184 370 2214 ,
381 2159 444 2220 quae
461 2137 587 2220 majores
604 2137 693 2199 nostri
710 2138 747 2198 ab
766 2141 872 2198 exteris
884 2141 980 2197 natio-

288 2221 377 2280 'nibus
395 2217 500 2279 auscira
515 2263 524 2292 ,
541 2235 628 2300 atque
652 2218 786 2278 arcessita
806 2219 978 2289 coluerum3

290 2318 356 2378 quae
373 2299 475 2372 saera,
495 2316 527 2358 ut
542 2313 627 2360 erant
647 2317 681 2358 re
703 2297 774 2358 vera
786 2341 799 2368 ‚
818 2299 859 2355 sic
876 2296 979 2376 appel-

289 2375 344 2438 lari
359 2375 464 2439 Graeca
474 2378 651 2449 voluerunt3
667 2376 869 2458 negligentes,
883 2397 915 2435 ac
926 2376 980 2439 dis-

290 2456 376 2518 soluti
392 2461 415 2517 si
432 2460 579 2537 cupiamus
596 2454 677 2532 ess'e,
693 2455 742 2551 qui
759 2453 928 2537 possumus?

333 2536 406 2598 LII.
427 2536 521 2612 Unius
542 2541 631 2598 eriam
641 2536 746 2609 rubis,
765 2539 896 2598 omniurn
909 2537 981 2618 pul·

290 2616 463 2690 obertum,
485 2631 571 2699 atque
588 2619 775 2678 ornatissima
789 2664 799 2693 ,
819 2616 979 2700 Syracusa-

290 2718 356 2765 rum
377 2698 570 2780 direptionem
595 2699 859 2772 commemorabo,
885 2699 917 2760 &
947 2702 979 2759 in

291 2778 420 2842 medium
438 2777 608 2860 proferam,
622 2777 738 2842 ludices
749 2801 759 2854 3
772 2797 803 2841 ut
822 2780 980 2862 aliquando

291 2876 388 2922 totam
411 2857 496 2942 hujus
527 2863 640 2944 generis
666 2863 834 2924 orationem
857 2863 979 2922 conclu-

291 2941 361 3005 dam
377 2988 388 3018 ,
407 2962 441 3004 ac
455 2939 614 3005 definiam.
637 2939 739 3006 Nemo
761 2943 823 3007 fere
850 2938 979 3009 vestr-am
