2550 4175
292 2545 440 2620 statuunt,
461 2551 484 2607 si
509 2569 525 2607 a

292 334 377 430 436·
519 331 739 401 Onrrro

256 455 261 470 ‘
292 473 365 526 ror,
383 465 412 510 te
427 448 485 509 hoe
503 448 533 507 in
553 450 608 509 hac
628 468 680 523 re,
699 450 794 507 alieno
815 464 976 529 tempore,

294 534 328 592 &
348 528 470 602 contri,
493 528 580 610 quim
605 527 657 588 ista
679 529 760 589 causa
788 528 977 610 postulasset,
1091 601 1093 606 Ι

292 608 469 672 defendisse:
486 627 548 669 tum
565 609 634 669 illud
653 609 742 705 pulpis
752 611 782 668 in
794 609 926 689 judiciis,
942 612 977 673 &
1091 613 1093 642 ³

291 712 511 771 nonnumquam
523 690 559 750 ab
569 693 726 773 ingeniosis
740 689 905 750 hominibus
923 692 978 753 de·

292 772 394 845 feudi,
406 771 477 831 mihi
488 773 593 831 mirum
605 771 699 832 videri
711 770 804 843 solet,
819 792 875 831 nec
888 767 979 851 jutis-

291 852 427 915 consultis
444 852 589 925 concedi‚
606 872 662 912 nec
673 849 719 931 jus
735 851 822 912 civile
838 854 869 912 in
885 856 978 915 causis

289 933 351 996 sem
391 955 406 993 r
425 934 527 994 valere
541 948 690 1013 oportere.

334 953 390 1077 ὀῗ
405 1012 482 1074 Nam
500 1015 548 1093 qui
569 1012 627 1072 hoc
647 1011 815 1094 disputant,
836 1013 859 1072 si
878 1011 909 1073 id
929 1014 979 1075 di-

290 1112 378 1169 eunt,
399 1114 460 1154 non
478 1092 555 1153 resse
571 1092 678 1173 aliquid
696 1090 819 1154 statuere
836 1114 912 1169 eos,
928 1098 978 1177 qui

291 1174 474 1237 consulantur
488 1194 498 1247 ;
512 1195 574 1233 non
586 1173 644 1233 hoc
662 1173 771 1234 debent
789 1174 909 1251 dicere,
921 1172 977 1252 juri

292 1257 388 1330 civili,
404 1254 455 1315 sed
466 1253 631 1315 hominibus
652 1252 762 1327 stultis,
779 1255 978 1337 obtemperari

292 1359 354 1398 non
369 1354 508 1418 oportere
528 1357 537 1396 :
555 1337 599 1395 sin
619 1334 684 1395 illos
704 1334 780 1395 resse
799 1334 978 1416 respondere

294 1417 481 1490 concedunt,
499 1416 531 1476 &
545 1416 626 1477 aliter
643 1413 762 1493 judicari
776 1415 874 1476 dicunt
883 1439 980 1498 opor-

295 1514 384 1571 tere,
402 1498 477 1557 male
498 1495 618 1575 judicari
638 1513 778 1579 oportere
792 1496 890 1558 dicunt
905 1518 979 1559 :ue-

335 1600 352 1640 e
378 1582 456 1639 enim
476 1576 540 1637 fieri
555 1575 678 1658 potest,
705 1594 737 1637 ut
764 1576 841 1636 aliud
855 1574 979 1657 judicari

293 1681 335 1801 ,r
352 1655 905 1819 ³”mssrsrrszirure
921 1680 978 1801 ”r

289 1820 350 1960 idd·
371 1836 448 1879 atuat
472 1816 529 1879 esse
547 1815 617 1899 jus,
641 1819 723 1902 quod
751 1840 812 1881 non
839 1761 978 1903 oporn‘elzt

302 1924 320 1963 u
342 1921 419 1961 icari.

290 1924 303 2030 l·
332 1982 382 2061 69.
401 1981 444 2043 At
462 1980 503 2044 est
521 1981 676 2065 aliquando
689 1980 792 2043 contri
807 1978 981 2063 judicamini

293 2060 422 2125 Primum
450 2066 546 2126 utrum
566 2063 667 2139 resse,
694 2085 732 2125 an
751 2063 931 2146 perperam?
953 2064 979 2127 si

292 2144 395 2231 sesses
416 2144 448 2205 id
467 2145 520 2206 suit
539 2143 608 2226 jus',
630 2145 712 2241 quod
729 2141 889 2225 judicatum
907 2143 977 2207 ests

293 2227 336 2286 sin
359 2227 468 2299 aliter3
494 2248 555 2286 non
580 2226 701 2286 dubium
718 2223 784 2300 est,
809 2229 908 2288 utrirtn
925 2222 979 2306 ju-

294 2304 395 2379 diees,
419 2326 456 2366 an
484 2303 672 2386 jurisconsulti
699 2307 882 2388 vituperandi
907 2308 978 2370 sint.

293 2383 414 2448 Deinde
433 2389 456 2447 si
469 2386 506 2448 de
525 2385 589 2468 jure
607 2390 690 2448 vario
703 2389 851 2469 quippiam
862 2384 980 2467 judica·

292 2476 356 2526 rnm
368 2465 432 2540 est3
447 2489 509 2528 non
526 2471 625 2607 poriirs
645 2484 746 2528 contra
762 2466 980 2547 jurisconsultos
1083 2484 1085 2503 ³

537 2552 591 2609 'tet
617 2549 836 2629 pronuntiatum
859 2546 924 2624 est,
942 2571 980 2611 ae

292 2625 397 2689 Mucio
419 2626 549 2708 placuit,
565 2626 657 2710 'quim
674 2647 712 2688 ex
728 2649 832 2690 eorum
847 2628 980 2692 auetori-

291 2723 374 2779 tate,
394 2710 419 2770 si
439 2725 497 2784 ,ut
520 2709 656 2789 Manilius
676 2706 842 2786 statuebat,
868 2712 909 2771 sic
936 2709 980 2772 est

261 2811 263 2815 ·
291 2785 460 2870 judicatum.
482 2790 597 2853 Etenim
621 2790 681 2872 ipse
707 2789 821 2852 Crassus
850 2812 912 2853 non
938 2794 981 2855 ita

255 2871 257 2874 ⁴
292 2867 405 2933 :susm
420 2872 498 2953 apud
511 2875 709 2938 centumviros
725 2875 807 2958 egit,
822 2888 856 2934 ut
873 2889 986 2939 contra·
1085 2934 1087 2939 .
