2550 4175
298 387 423 463 228.
485 390 537 455 ΙΝ
567 392 776 457 VERREM
865 404 868 417 ·

297 504 369 564 tanti
388 500 493 576 fletus,
511 500 690 583 gemitusque
705 499 813 560 fiebant
825 544 837 571 ‚
852 517 883 561 ut
897 514 979 568 acer?

296 584 428 645 bissimus
436 582 499 641 tots
512 582 584 641 urbe
596 580 686 641 luslus
704 581 808 641 versari
820 581 978 647 videretur·

341 679 407 722 ιιι.
428 659 499 721 Non
513 661 554 722 illi
568 660 752 722 decumarum
759 664 903 742 imperia,
917 684 978 729 non

296 742 444 803 bonorum
462 740 640 822 direptiones
653 787 665 814 ‚
676 762 737 801 non
746 744 840 821 iniqua
851 741 957 820 judicia
968 787 978 815 ‚

296 843 359 901 non
376 824 631 903 importunissimas
652 820 728 881 istius
747 822 901 894 libidines,
917 844 979 884 non

296 905 382 978 vim,
410 924 470 962 non
497 901 709 973 contumelias,
736 902 837 981 quibus
857 906 978 983 operti,

299 985 488 1064 oppressique
504 999 606 1055 erant,
623 980 873 1061 conquerebantur
893 982 979 1043 :Ce-

297 1065 369 1123 reris
390 1082 523 1133 numen,
540 1059 685 1121 sacrorum
703 1059 897 1135 vetustatem,
920 1062 979 1133 sani

292 1143 470 1224 religionem
479 1186 491 1212 ,
500 1139 576 1201 illius
585 1140 792 1202 sceleratissimi
803 1186 814 1213 ,
831 1159 916 1223 atque
929 1165 980 1203 au-

297 1221 440 1282 dacissimi
457 1220 595 1303 supplicio
616 1224 724 1304 expiari
739 1222 899 1282 volebant:
916 1245 981 1283 om·

294 1303 347 1364 nia
358 1301 387 1363 se
405 1319 503 1362 cetera
520 1304 603 1382 pati,
623 1324 656 1362 ac
673 1301 750 1384 negli
771 1322 820 1362 ere
835 1303 980 1365 dicebant.

298 1382 357 1442 Hic
375 1381 462 1442 dolor
479 1399 540 1442 erat
559 1399 680 1457 tantus,
706 1398 738 1441 ut
785 1402 887 1457 erres,
908 1385 981 1445 alter

298 1460 416 1537 Orcus,
432 1460 540 1523 venisse
559 1461 693 1535 Ennam,
710 1463 742 1533 ὅ(
759 1484 819 1523 non
833 1462 932 1523 Proser
955 1466 982 1522 i-

298 1563 368 1604 nam
385 1541 558 1624 asportasse,
575 1542 624 1603 sed
641 1542 731 1623 ipsam
749 1542 898 1622 abripuisse
946 1564 982 1604 e·

297 1642 395 1686 retem
408 1623 566 1683 videretur.
577 1620 692 1681 Etenim
702 1621 770 1680 urbs
781 1623 830 1681 illa
842 1644 904 1681 non
913 1624 981 1682 urbs
1032 1671 1034 1676 .

299 1702 434 1772 videtur,
450 1700 500 1761 sed
513 1700 617 1770 sanum
627 1698 744 1772 Cereris
762 1698 836 1761 esse:
851 1703 981 1764 habitare

291 1779 377 1863 aptid
394 1779 452 1852 sese
472 1776 614 1840 Cererem
631 1778 778 1850 Ennenses
789 1781 979 1856 arbitrantur3

297 1878 331 1921 ut
351 1860 422 1921 mihi
435 1882 496 1920 non
513 1862 590 1921 cives
606 1860 681 1921 illius
696 1862 817 1922 civitatis
828 1905 838 1936 ,
849 1860 900 1923 sed
910 1884 980 1922 om-

292 1961 352 2005 nes
370 1940 553 2016 sacerdotes,
567 1936 811 2018 omnesaccolae‚
827 1959 913 2025 atque
931 1965 983 2005 an·

297 2020 399 2085 tistites
410 2020 525 2085 Cereris
540 2020 598 2085 esse
613 2023 777 2085 videantur.

344 2123 410 2164 112.
429 2102 520 2165 Ennae
534 2121 565 2164 tu
587 2105 769 2177 simulacrum
784 2103 903 2178 Cereris,
918 2107 980 2166 tol-

298 2183 361 2245 lere
378 2183 526 2255 audebas?
544 2182 634 2244 Ennae
654 2201 685 2244 tu
702 2185 739 2245 de
757 2207 844 2259 manu
863 2185 978 2259 Cereris

297 2258 461 2335 Visloriam
479 2263 633 2342 deripere,
651 2263 684 2324 δι
702 2264 786 2325 deam
806 2264 867 2324 deae
880 2265 978 2324 detra·

297 2342 367 2409 ltere
390 2358 510 2411 conatus
525 2343 591 2415 'esl
609 2363 735 2423 quorum
758 2342 825 2403 nihil
844 2343 976 2420 violare,

288 2421 368 2491 niihil
383 2423 523 2502 attingere
546 2422 606 2480 ausi
620 2421 683 2482 sunt
695 2465 708 2492 ,
723 2424 752 2481 in
775 2420 875 2502 quibus
895 2443 978 2486 erant

291 2503 397 2569 omnia
408 2522 496 2581 ,quae
515 2498 615 2573 sceleri
631 2503 769 2582 propiora
786 2498 868 2575 sunt,
890 2504 978 2584 quim

296 2580 349 2649 rel'
370 2581 430 2642 'oni
450 2596 639 2649 :tenuerunt
667 2583 745 2641 enlm
775 2578 807 2640 P.
837 2581 976 2664 Popilio,

295 2658 330 2730 P,
339 2598 460 2741 idipilio
480 2657 641 2719 consulibus
652 2705 662 2734 ,
673 2660 753 2721 illum
768 2661 866 2722 locum
883 2664 977 2743 servi,

294 2739 406 2823 fugitivi
424 2737 581 2815 ‚barbari‚
600 2738 716 2811 hostes:
737 2740 787 2802 sed
803 2764 897 2825 neque
916 2765 977 2809 tam

286 2819 367 2903 ..serui
377 2821 419 2888 illi
429 2819 638 2901 domiqotum,
656 2820 744 2903 qulm
757 2840 790 2882 tu
806 2823 974 2904 libidinum:

294 2908 390 2986 neque
407 2917 485 2976 ,tani
497 2900 611 3002 fiigitlvi
626 2901 668 2981 illi
685 2925 704 2968 a
725 2903 870 2984 dominis,
889 2907 977 2990 quim
