2550 4175
398 397 654 466 Acr'rorir's
678 397 725 468 II.
749 399 787 468 L.
811 400 878 470 III.
932 400 988 493 89

263 576 267 581 ,
302 529 405 591 puram
419 512 588 580 conseriare
601 512 733 595 potuiffet
745 535 755 588 3
773 533 840 574 eum
857 516 886 573 in
900 529 994 575 tanto·

302 606 355 650 tuo
378 590 524 662 dedecore
546 594 679 674 profesto
694 614 732 656 ne
749 594 843 654 verbo
865 594 985 675 quidem

300 672 435 809 praviore
455 672 623 754 appellaffes
643 696 650 733 ε
672 694 767 755 neque
785 674 861 756 apud
879 691 984 735 tetam

313 750 394 811 anda
413 752 514 834 religio
532 753 676 814 societatis
692 752 803 826 sufflet,
821 770 853 813 ut
867 757 908 814 tui
931 775 985 814 ca-

301 832 366 910 pitis
388 833 546 912 periculum
569 834 750 917 negligeres,
769 836 823 893 nisi
839 854 901 893 rern
921 850 983 894 tarn

301 911 478 986 notameffe
498 916 655 990 omnibus,
677 915 709 975 &
726 931 787 975 tarn
803 912 983 975 manifestam

299 989 425 1050 videres.
979 1019 983 1026 ·

358 1088 437 1152 ¹35·
478 1070 555 1133 Cum
579 1073 687 1134 eodem
712 1071 849 1154 Apronio
879 1072 982 1155 postea

299 1147 333 1208 P.
351 1149 527 1226 Scandilius,
541 1173 631 1234 eques
640 1153 809 1227 Romanus,
826 1173 913 1233 quern
925 1175 982 1214 vos

298 1249 402 1291 omnes
423 1231 534 1306 nostis,
563 1233 699 1293 eamdem
727 1232 916 1314 sponsionem
940 1233 980 1293 de

297 1308 436 1371 societate
454 1312 542 1382 fecit,
558 1333 645 1393 quam
665 1313 789 1373 Rubrius
810 1312 907 1372 facere
922 1334 982 1373 vo·

297 1390 400 1449 luerat.
425 1389 546 1465 Institit,
573 1396 741 1472 oppressit,
766 1412 828 1451 non
844 1394 952 1452 remisit
971 1412 981 1451 τ

297 1468 372 1529 sada
396 1468 437 1529 est
453 1471 572 1552 sponsio
600 1471 666 1531 H-S
689 1492 714 1531 v
732 1472 862 1531 millium.
880 1470 984 1551 Coepit
1013 1544 1017 1549 .

297 1549 456 1623 Scandilius
494 1570 743 1632 recuperatores,
770 1568 819 1612 aut
851 1550 981 1632 judicem

295 1627 449 1711 postulare.

339 1708 432 1771 LIX.
461 1709 570 1788 Satisne
597 1712 683 1772 vobis
704 1713 821 1792 praetori
840 1711 978 1792 improbo

296 1788 462 1850 circumdati
473 1792 592 1852 cancelli
605 1792 741 1853 videntur
750 1796 780 1852 in
798 1791 845 1851 sua
860 1795 980 1872 provin·

296 1871 340 1927 cia
354 1881 370 1941 3‘
382 1872 563 1930 immo'vero
582 1874 612 1931 in
630 1870 698 1932 sella
715 1893 747 1941 ac
764 1872 897 1931 tribunali
917 1892 925 1929 t
945 1887 979 1931 ut

296 1964 346 2007 aut
368 1949 405 2011 de
422 1950 475 2034 suo
499 1953 592 2030 capite
616 1948 754 2028 judicium
771 1951 833 2011 fieri
855 1953 978 2032 patiatur

296 2027 438 2109 praesens,
448 2051 481 2091 ac
487 2028 588 2090 sedens
600 2047 666 2102 ;aut
675 2030 845 2093 confiteatur
854 2031 898 2105 ‚se
909 2051 978 2092 orn-

299 2109 384 2169 nibus
397 2108 507 2189 judiciis
517 2113 651 2170 convinci
666 2111 778 2173 neceffe
788 2111 866 2173 effe?
881 2112 979 2194 Spon-

296 2191 340 2249 sio
361 2189 424 2264 est,
443 2195 487 2252 Ni
496 2209 521 2249 te
533 2194 674 2270 Apronius
694 2196 723 2252 r'n
742 2196 860 2253 decumis
871 2195 979 2273 firciurn

295 2268 344 2348 effe
365 2273 441 2330 dicat
458 2293 468 2332 .·
485 2273 633 2352 provincia
649 2290 697 2332 tua
717 2271 779 2347 est,
804 2274 873 2332 ades
890 2319 900 2347 ‚
924 2274 978 2332 abs

294 2366 325 2410 re
342 2348 477 2429 judicium
498 2350 665 2431 postulatur.
684 2352 767 2431 Quid
789 2351 884 2415 facis?
905 2354 977 2433 quid

297 2430 429 2491 decernis
439 2432 697 2512 ?Recuperatores
705 2433 775 2492 dicis
783 2450 813 2492 te
823 2433 955 2492 daturum
967 2454 975 2493 ε

295 2511 372 2572 bene
388 2515 429 2571 ais
442 2515 576 2572 :tametsi
589 2516 638 2593 qui
656 2530 739 2574 erunt
755 2514 840 2571 tantis
856 2514 978 2572 cervici-

292 2592 346 2650 bus
364 2608 581 2672 recuperatores
591 2638 603 2667 ,
615 2597 663 2672 qui
672 2593 796 2654 audeant
813 2595 843 2650 in
858 2595 977 2673 provin-

294 2674 359 2743 cia,
375 2692 462 2752 quum
474 2690 579 2754 praetor
592 2675 683 2747 adsit,
699 2695 759 2732 non
769 2673 859 2732 folum
875 2692 976 2733 contra

293 2753 475 2811 voluntatem
496 2751 583 2834 ejus,
602 2753 653 2813 sed
671 2756 756 2814 etiarn
773 2771 873 2813 contra
886 2753 977 2814 fortu-

293 2851 344 2890 nas
359 2828 483 2908 judicare
500 2837 511 2885 ἓ

339 2909 405 2992 136.
427 2910 538 2974 Verum
560 2911 646 2975 esto:
670 2911 818 2975 manifesta
838 2935 883 2975 res
910 2912 972 2985 est,
