2550 4175
370 367 702 446 Aer-romsvls.
736 369 774 438 A
798 374 848 441 ·V.
900 388 981 465 359

295 496 405 558 rentur.
424 478 510 541 Nunc
529 480 601 542 verb
619 500 708 561 quum
720 480 822 562 loquar
839 484 916 574 apud
929 482 980 545 se«

295 577 413 640 natones
429 560 532 642 populi
554 560 701 635 Romani,
718 562 834 642 legunt,
853 566 981 643 judicio·

294 661 438 720 rumque,
457 642 489 702 &
513 638 582 720 juris
606 641 760 713 autinres,
787 645 889 705 timere
914 666 977 708 non

295 719 417 795 debeo,
436 742 476 782 ne
499 742 560 781 non
573 741 647 780 unus
670 722 720 781 iste
738 721 808 780 civis
824 722 974 792 Romanus

295 799 344 874 ille
359 821 443 861 cruce
461 801 585 883 dignus,
599 802 689 861 cereri
702 821 806 862 omnes
820 804 905 864 simili
916 825 974 886 pe·

293 880 386 957 riculo
399 880 588 964 indignissimi
604 879 776 959 judicentur.

341 979 408 1037 172.
428 960 518 1034 Paulb
531 962 618 1036 anti,
633 961 766 1034 Iudices,
786 961 930 1042 lacrymas
947 965 978 1028 in
1024 969 1026 974 ’

294 1028 392 1116 inerte
403 1042 599 1125 miserantque
611 1042 807 1125 indignissima
818 1045 979 1108 navarcho·
996 1047 998 1054 ’

294 1141 358 1196 tum
375 1142 436 1182 non
453 1124 622 1186 tenebamus
633 1144 643 1197 ;
655 1124 688 1183 ὃ(
699 1123 799 1199 reike,
819 1146 853 1185 ac
870 1127 978 1195 meritb,

294 1199 437 1277 {ociorum
459 1206 657 1264 innocentium
674 1202 785 1264 miseril
803 1225 978 1268 commove·

294 1279 419 1344 bamur:
434 1284 504 1363 quid
516 1304 592 1343 nunc
605 1284 635 1342 in
652 1280 749 1344 nostro
763 1281 897 1363 sanguine
912 1302 978 1345 tan·

295 1361 364 1434 dem
378 1362 474 1424 fatere
488 1360 651 1428 debenus?
666 1382 734 1430 narn
746 1363 853 1421 civium
863 1362 977 1436 Roma·

294 1462 399 1502 norum
408 1442 519 1523 sanguis
529 1438 698 1519 conjunllus
706 1439 905 1508 existimandus
916 1441 955 1503 est
965 1463 978 1515 ς

295 1526 432 1603 quoniam
450 1524 480 1581 id
504 1523 537 1594 ὅ(
559 1520 653 1582 salutis
678 1523 810 1582 omnium
829 1524 921 1596 ratio,
943 1525 977 1583 &

294 1604 402 1663 veritas
427 1600 550 1682 postulat
568 1621 577 1661 z
598 1621 702 1664 omnes
725 1601 781 1664 boc
804 1602 873 1663 loco
896 1606 977 1664 cives

295 1680 447 1757 Romani,
470 1684 502 1746 &
522 1681 707 1765 quaesunt,
727 1683 760 1746 ὅ(
779 1686 828 1764 qui
844 1685 977 1746 ubicun-

295 1782 353 1843 que
365 1761 447 1837 sunt,
461 1761 586 1825 vellram
601 1762 782 1833 severitatem
793 1764 977 1839 desiderant,

295 1840 421 1917 uestram
440 1843 529 1916 fidem
546 1844 726 1924 implorant,
748 1842 875 1905 vestrum
895 1847 976 1906 auxi·

294 1922 366 2004 lium
386 1927 552 2002 requirunt:
568 1925 666 1982 omnia
683 1922 731 1984 sua
742 1922 805 2002 jura
815 1967 828 1993 ,
845 1944 978 1991 commo·

295 2002 354 2076 da,
368 2005 492 2077 auxilia,
509 2019 602 2064 rotam
621 2002 745 2082 denique
764 2003 927 2070 libertatem
945 2005 976 2066 in

294 2080 396 2153 vestris
413 2083 559 2145 sententiis
573 2081 678 2143 uersari
690 2082 869 2145 arbitrantur.

300 2166 304 2171 “
341 2182 406 2243 173.
425 2164 455 2225 A
469 2184 517 2225 nse
532 2165 669 2237 ,tametsi
688 2161 752 2232 satis
769 2162 877 2225 babent
896 2207 905 2236 ,
930 2177 977 2223 ta·

294 2264 365 2320 rnen
385 2246 408 2305 si
424 2265 470 2307 res
487 2244 568 2305 aliter
585 2243 737 2316 acciderit,
752 2244 815 2322 plus
828 2242 978 2307 habebunt

294 2323 436 2400 ξοεῑιίῐε,
453 2324 541 2406 quim
557 2322 700 2405 postulant
720 2343 727 2381 :
745 2345 812 2389 nam
830 2324 861 2389 &
876 2326 900 2384 si
917 2345 975 2405 qua

294 2408 340 2477 vis
350 2405 433 2466 illum
444 2406 482 2467 de
494 2403 587 2467 vestra
600 2404 751 2467 severitate
770 2407 928 2483 eripuerit,
945 2404 977 2465 id

296 2486 378 2566 quod
394 2508 488 2568 neque
506 2504 628 2557 metuo,
647 2484 783 2558 Iudices,
802 2505 897 2566 neque
915 2485 977 2545 ullo

296 2564 390 2636 modo
406 2565 467 2627 fieri
481 2565 562 2647 posse
578 2565 685 2627 video:
700 2563 750 2625 sed
765 2568 788 2624 si
807 2566 837 2625 in
855 2567 911 2628 boc
928 2585 976 2627 me

296 2647 370 2707 tatio
387 2644 545 2721 fefellerit,
558 2647 644 2715 Siculi
657 2643 767 2706 causam
783 2645 861 2706 suam
874 2644 976 2725 perisse

297 2741 474 2806 querentur,
491 2727 524 2787 &
541 2748 657 2789 mecum
672 2729 777 2805 pariter
793 2725 913 2786 moleste
932 2725 979 2785 fe·

297 2820 389 2876 rent:
410 2805 534 2884 populus
561 2806 680 2886 quidem
699 2804 849 2865 Romanus
872 2805 977 2879 brevi,

297 2885 438 2970 quoniam
456 2884 526 2947 mihi
541 2883 716 2975 potestatem
725 2882 806 2966 apud
820 2881 850 2947 se
873 2885 978 2967 agendi
