2550 4175
274 399 353 485 '304
467 388 524 456 lu
551 390 766 457 Vanum

192 530 195 535 ·
273 521 368 565 earet
379 522 439 561 non
455 500 549 562 solum
564 503 723 583 pruvinciae
735 498 836 573 saluti,
851 501 962 563 verum

274 586 362 643 etiam
378 584 433 663 ipsi
449 582 554 663 pru'rdae
576 582 632 643 elle
650 581 753 665 posset.
771 581 849 662 Nam
859 581 961 645 aeslate'

272 658 403 734 summl,
416 683 475 743 quo
488 680 549 724 tem
593 683 625 724 re
636 666 724 724 ceteri
733 679 875 745 praetores
889 665 961 725 obi-

272 757 305 804 te
324 746 526 825 provinciam,
604 743 774 805 concursare
794 742 961 822 cunsueve·

271 839 361 898 tunt,
378 841 425 884 aut
442 827 530 885 etiam
542 827 573 884 in
586 840 669 885 tanto
687 824 857 906 predonum
876 835 960 887 metu

274 904 307 965 &
325 904 453 987 periculo
466 906 522 984 ipsi
539 907 676 987 navigare
691 926 698 965 :
714 926 751 967 eo
768 922 905 986 tempore
919 905 960 965 ad

271 986 435 1059 luxuriam,
457 983 648 1065 libidinesque
670 986 759 1059 suas,
787 985 887 1047 domo·
909 985 958 1047 sua

272 1067 375 1147 regii,
391 1085 455 1146 quae
474 1068 549 1147 regie
565 1065 701 1127 Hieronis
719 1067 792 1140 suit,
809 1065 867 1205 Ἑᾶ
883 1087 959 1147 praed

271 1161 355 1207 tures.
372 1149 417 1206 uti
427 1146 543 1220 solent,
560 1163 715 1207 contentus
733 1168 795 1207 non
847 1150 868 1206 it
886 1163 957 1207 :ta-

271 1220 460 1300 bernarda,
528 1227 737 1287 emadmodum
768 1226 960 1288 consueverat¹

272 1305 453 1388 temporibus
469 1331 493 1368 ae
519 1310 592 1381 ‘via=‚
615 1308 703 1391 quod
717 1324 802 1370 antea
820 1307 883 1387 jam
900 1309 958 1368 de-

272 1386 450 1463 monstravi,
469 1387 607 1449 carbaseis
619 1392 731 1450 intenta
745 1388 818 1448 velis
834 1433 843 1461 ‚
862 1389 960 1449 collo·'

273 1471 332 1529 cari
358 1467 440 1550 jussit
460 1471 489 1529 in
508 1470 638 1531 littore:
662 1468 748 1550 quod
764 1466 805 1528 est
823 1468 902 1528 littus
927 1470 959 1529 in

272 1549 362 1611 insula
385 1550 533 1631 Syracusis
557 1547 623 1632 post
647 1548 796 1611 Arethusae
820 1546 958 1624 sontem‚'

271 1645 394 1712 propter
423 1629 515 1711 ipsium
537 1632 711 1703 introitum,
730 1646 835 1711 atque,
853 1627 959 1689 ostium

272 1710 397 1791 partus,
418 1730 535 1772 amoeno
551 1709 638 1785 sane,
659 1712 693 1771 δι
713 1710 750 1770 ab
772 1710 885 1786 arbitris
906 1730 957 1771 re-

271 1791 452 1852 motu'locu.
544 1831 547 1836 ,
770 1800 773 1806 '
797 1829 799 1834 ,
863 1809 868 1824 ¹
900 1829 902 1834 ·
954 1805 957 1813 ’

292 1870 365 1934 ¹'813
384 1872 441 1933 llic
459 1871 524 1933 dies
542 1870 656 1936 aestivus
681 1870 829 1955 sexaginta
849 1863 959 1953 pretor

272 1953 376 2034 pupuli
384 1952 528 2025 Romani,
546 1952 663 2027 custos,
683 1951 818 2014 defensor
858 1972 958 2033 epro⁴

271 2035 375 2095 vinciae
389 2035 511 2096 sicvixit'
519 2079 529 2110 ‚
540 2051 572 2096 ut
581 2035 731 2096 muliebria
740 2035 822 2117 quoti
843 2036 870 2095 ie
882 2054 958 2094 con·

272 2117 352 2177 vivia
370 2115 481 2188 essent3
497 2117 542 2176 vir
561 2118 747 2178 accumberet
757 2137 846 2177 nemo
858 2161 867 2189 ,
881 2137 958 2196 ptae-

273 2201 336 2256 teri
357 2196 440 2269 sum,
457 2197 489 2257 δε
502 2212 705 2278 ptaetextatutn
718 2196 809 2257 filium
820 2218 827 2255 :
840 2197 960 2256 tametsi

272 2220 356 2336 tesll)
374 2279 437 2337 sine
463 2278 637 2358 exceptione
659 2278 811 2346 dixeram,
830 2279 957 2348 virum,

273 2374 363 2436 quum
388 2354 431 2416 iili
457 2355 564 2430 essent,
583 2359 730 2418 neminem
749 2352 840 2414 fuisse.
868 2353 959 2412 Non-

272 2455 431 2517 numquam
451 2439 541 2497 etiam
553 2436 670 2498 libertus
687 2431 889 2507 Timarchides
905 2435 957 2493 ad·

272 2513 425 2576 hibebatur
450 2536 458 2574 :
483 2517 618 2576 mulieres
646 2531 743 2576 autent
771 2530 867 2593 nuptae
897 2535 957 2575 no-

271 2593 364 2669 biles,
382 2612 486 2675 praeter
499 2585 594 2654 ”cinam
612 2598 694 2655 mimi
714 2593 818 2654 lsidori
839 2592 958 2671 sibama

272 2692 360 2755 quatu
379 2673 453 2749 isle,
471 2692 593 2756 propter
605 2682 760 2748 amorem,
781 2676 818 2734 ab
833 2673 954 2737 Rhodio

271 2757 390 2817 tibicine
410 2756 588 2816 abduxerate
605 2754 696 2838 Pippa
714 2756 845 2838 quaedam
857 2801 866 2830 ‚
880 2778 956 2817 uxor

272 2835 447 2898 'AEschrionis
468 2836 636 2919 Syracusani
648 2843 668 2912 ‚¹
685 2837 722 2897 de
753 2859 810 2918 qua
831 2837 957 2898 muliere

272 2917 388 3004 plurimi
405 2919 526 2995 uersus,
550 2920 649 3001 quiin
671 2917 754 2980 istius
766 2917 959 3000 cupiditatem·
