2550 4175
347 237 605 315 Probiana
623 242 874 315 Mamm.
901 242 976 337 481

293 355 363 419 ioco
373 356 450 441 saepe
464 356 620 442 cognostis.
635 357 739 421 Fidem
751 358 823 419 verb
834 354 896 437 ejus
905 359 982 419 inter

293 438 390 499 socios
414 458 552 522 quantam
572 437 723 503 existimari
742 440 869 519 putatis,
890 457 980 522 quam

293 517 394 579 hostes
413 524 544 580 omnium
561 522 691 603 gentium
710 518 911 579 sandissimam
933 517 981 600 ju·

293 600 442 660 dicarint?
465 601 655 661 Humanitate
671 599 735 680 *jam
760 600 840 659 tanti
865 597 926 674 est,
947 615 980 660 ut

294 678 414 742 difficile
424 679 503 771 didu
519 685 576 756 sit,
590 685 688 742 utrirm
704 677 801 740 hostes
817 682 907 762 magis
925 681 983 741 vir·

294 777 390 821 tutem
404 782 468 842 ejus
485 780 648 845 pugnantes
660 762 829 833 timuerint,
843 782 880 820 an
898 781 983 820 man·

294 840 476 903 suetudinem
494 843 565 903 vitii
590 842 753 905 dilexerint.
776 839 813 901 Et
832 839 982 982 ‹puisquam

295 921 466 997 dubitabit,
487 926 556 1003 quin
577 923 644 985 huic
661 939 774 984 tantum
796 922 835 983 be
858 942 906 982 um
923 922 981 983 hot

293 1000 547 1064 transmittendum
562 1007 617 1079 sit,
635 1008 685 1085 qui
701 1004 739 1063 ad
759 1004 858 1063 omnia
878 1000 982 1064 nostrae

295 1086 446 1143 memoriae
467 1084 543 1144 bella
561 1083 762 1155 conficienda,
786 1084 886 1145 divino
907 1104 983 1166 quo·

293 1164 365 1223 dam
384 1164 506 1223 consilio
526 1180 609 1223 natus
629 1161 686 1224 effe
701 1161 859 1224 videatur?

338 1242 408 1303 XV.
428 1242 466 1303 Et
485 1246 624 1326 quoniam
642 1242 794 1304 audoritas
810 1241 933 1303 multum
950 1243 982 1305 in

294 1324 380 1384 bellis
391 1344 510 1406 quoque
525 1321 752 1384 administrandis
765 1368 776 1396 ‚
788 1340 873 1404 atque
885 1325 983 1419 impe·

295 1408 342 1466 rio
365 1405 478 1464 militari
499 1407 579 1467 valet
598 1426 608 1479 3
632 1405 712 1466 certe
733 1404 842 1465 nemini
862 1402 982 1466 dubium

294 1484 359 1557 est,
378 1488 447 1568 quin
466 1485 502 1547 ei
515 1508 547 1547 re
558 1487 637 1547 idem
655 1486 704 1548 ille
719 1487 877 1568 imperator
890 1483 983 1566 pluri-

293 1565 379 1627 mum
415 1568 495 1627 ussit.
510 1568 712 1630 Vehementer
722 1584 821 1629 autem
855 1568 982 1630 ettinere

295 1646 336 1707 ad
351 1587 429 1707 beffa
442 1647 683 1724 administranda,
698 1650 768 1731 quid
783 1587 880 1709 horso
890 1692 899 1722 ,
910 1650 981 1733 quid

295 1726 367 1787 socii
385 1727 421 1785 de
438 1728 659 1806 imperatoribus
675 1729 776 1791 vestris
796 1726 982 1806 existiment,

295 1808 360 1888 quis
379 1807 517 1888 ignorat,
538 1828 626 1887 quum
646 1808 785 1882 sciamus,
802 1807 936 1871 homines
950 1812 981 1872 in

295 1888 383 1946 tantis
411 1887 521 1959 rebus,
551 1903 582 1945 ut
610 1905 659 1948 aut
685 1903 902 1963 contemnant,
930 1910 982 1954 aut

295 1982 452 2037 metuant,
472 1982 521 2025 aut
543 1967 683 2040 oderint,
700 1984 749 2027 aut
769 1986 892 2043 ament,
912 1973 982 2050 opi·

297 2049 389 2109 nione
402 2066 463 2106 non
474 2049 567 2108 minus
577 2046 681 2122 fama,
693 2046 780 2131 quim
794 2047 889 2130 aliqui
903 2052 982 2115 certi

296 2131 411 2190 tatione
429 2128 633 2189 commoveri?
656 2129 750 2210 Quod
768 2131 852 2212 igitur
869 2151 981 2197 nomen

296 2230 435 2291 umquam
459 2211 490 2269 in
518 2211 589 2271 orbe
610 2228 750 2272 terrarum
775 2211 876 2271 clarius
899 2211 980 2277 fuit?

295 2289 378 2372 cujus
389 2312 434 2352 res
444 2288 530 2373 gestae
543 2291 651 2373 pares?
668 2292 705 2353 de
720 2313 778 2375 quo
795 2293 914 2355 homine
924 2317 980 2358 vos

298 2379 314 2447 (
323 2371 354 2430 id
364 2372 444 2453 quod
455 2375 578 2433 maxime
586 2372 654 2433 facit
664 2373 888 2457 austeritatem)
901 2393 981 2440 tanta

297 2452 333 2512 &
345 2467 405 2511 tam
440 2456 555 2516 taeclara
570 2453 677 2535 judicia
693 2453 817 2516 fecistis?

339 2550 390 2604 44.
440 2554 460 2590 n
480 2537 553 2596 verb
572 2536 661 2597 ullam
683 2535 800 2617 usquam
821 2536 876 2597 esse
898 2560 981 2600 oram

296 2627 359 2672 tam
377 2608 518 2670 desertam
536 2618 660 2693 putatis,
677 2619 735 2695 quo
753 2637 814 2675 non
831 2617 903 2677 illius
924 2621 981 2682 diei

297 2691 377 2751 sama
394 2690 572 2769 pervaserit,
592 2713 680 2772 quum
698 2692 843 2754 universus
857 2701 982 2780 populus

298 2770 450 2832 Romanus
466 2771 576 2832 referto
599 2772 686 2847 soro,
706 2774 877 2856 repletisque
890 2783 984 2842 omu't·

341 2856 442 2913 Tomus
476 2855 494 2913 I
503 2859 539 2920 V.
834 2857 863 2914 X
